3184 4984
491 341 630 444 rei

498 536 560 602 Ο
592 556 854 620 semper
883 533 1088 600 tacita
1118 537 1329 596 sortes
1359 532 1640 613 ambage
1670 529 2001 611 malignae,

497 640 886 722 Eventuque
915 643 1178 720 patene,
1209 643 1274 698 et
1293 633 1530 696 nescia
1557 632 1823 696 vatibus
1851 631 2021 714 ipsis

495 740 658 806 Veri
681 761 826 806 sera
851 739 1058 802 fides!
1104 736 1421 817 Ligurum
1453 733 1715 814 regione
1749 751 2067 815 suprema

497 839 812 908 Pervenit
837 841 926 905 ad
951 839 1253 932 fluvium,
1285 837 1432 899 miri
1461 835 1904 916 cognominiS,
1936 831 2211 896 Urbem.

500 943 730 1027 Atque
759 943 902 1007 illic
934 943 1217 1006 domitus
1244 941 1362 1004 vix
1393 937 1663 1002 tandem
1686 938 2038 1019 interprete
2068 953 2231 1000 casu

499 1041 798 1126 Agnovit
825 1043 1046 1108 dubiis
1077 1042 1273 1106 illusa
1301 1037 1633 1104 vocabula
1659 1037 1838 1101 fatis,
1866 1075 1873 1084 -

501 1147 658 1213 Nec
687 1166 820 1210 non
847 1151 918 1230 et
939 1144 1260 1210 Stilichon
1288 1159 1582 1225 pugnam
1609 1143 1957 1223 poscentia
1980 1142 2193 1204 movit

501 1247 713 1313 Pleno
746 1251 970 1311 castra
999 1244 1229 1326 gradu,
1262 1243 1595 1325 dictisque
1618 1242 1890 1322 instigat
1918 1249 2180 1306 euntes.

502 1347 731 1426 Nunc,
759 1366 802 1411 o
831 1367 1034 1423 nuuc,
1068 1345 1274 1409 socii!
1317 1349 1653 1408 temeratae
1686 1343 1924 1408 sumite
1948 1344 2213 1408 tandem

1160 389 1276 438 cL.
1324 384 1755 436 cLAvnlAm
1802 385 2027 434 XXVI.

2570 815 2702 897 555

2576 1343 2709 1408 560

498 1529 825 1590 arrogantiam
844 1527 998 1592 hujus
1019 1529 1220 1578 innam.
1289 1530 1334 1577 0
1349 1543 1568 1592 responsa
1588 1529 1823 1578 Deorum
1848 1526 2081 1589 implicita
2101 1525 2474 1576 dubitationibus
2490 1523 2680 1574 secretis
2690 1539 2711 1581 ‚-

501 1599 550 1643 et
571 1593 740 1658 ofidcs
760 1592 979 1656 veritatis
995 1594 1134 1641 tarde
1159 1595 1470 1654 cognoscenda
1491 1592 1601 1642 solo
1633 1593 1789 1650 exitu,
1810 1597 1857 1640 et
1878 1593 2121 1651 incognita
2136 1592 2256 1654 ipsis
2285 1586 2711 1640 vaticinatoribus!

499 1657 566 1708 Iu
588 1662 748 1706 tracta
760 1658 925 1706 ultimo
946 1657 1179 1717 Ligurum
1194 1657 1461 1719 penetravit
1475 1658 1538 1706 ad
1545 1657 1731 1720 flumen
1750 1656 1949 1705 dictum
1978 1657 2153 1704 Urbem
2174 1659 2478 1717 cognomento
2498 1653 2711 1702 murim-

501 1721 588 1770 bili
599 1737 618 1770 .·
651 1727 698 1770 et
716 1722 814 1770 illic
833 1721 1002 1782 victus,
1021 1721 1108 1769 vix
1125 1723 1328 1778 demam,
1341 1726 1508 1770 eventu
1525 1721 1806 1783 explicante,
1822 1721 1968 1768 sensit
1984 1719 2123 1768 verba
2140 1720 2241 1769 sibi
2260 1720 2418 1781 dicta,
2437 1732 2549 1766 esse
2570 1717 2713 1766 illusa

490 1784 620 1846 satis
631 1785 882 1845 ambiguis.
919 1787 988 1834 Et
1011 1785 1209 1833 Stilicho
1229 1785 1374 1833 etiam
1400 1786 1633 1848 promovit
1650 1785 1818 1834 audaci
1830 1787 1987 1846 gradu
2006 1785 2165 1848 copias
2174 1789 2387 1847 petentes
2402 1783 2637 1846 prmum,
2661 1786 2713 1830 et

499 1849 656 1899 uerbis
662 1851 844 1899 excitat
848 1850 1164 1914 procedentes.
1181 1850 1341 1912 Nunc,
1351 1863 1524 1914 oaunc,
1535 1848 1907 1900 commilitones!
1922 1848 2148 1914 reposcite
2156 1851 2342 1898 tandem
2350 1847 2628 1912 supplicium
2642 1845 2711 1896 ob

1428 1976 1604 1996 “00“
1611 1976 1785 1996 “00“

503 2057 862 2118 oraculofastoe
880 2058 1005 2108 Vat.
1044 2064 1168 2108 tert.
1200 2058 1385 2109 PetaV.
1425 2064 1709 2111 terte-553
1750 2061 2070 2120 Eventumque
2101 2061 2277 2120 putans
2297 2057 2419 2108 Juu.
2454 2071 2535 2119 pr.
2566 2056 2715 2105 noxia

507 2137 684 2171 omues
702 2123 849 2172 Vatt.
872 2123 986 2172 Pal.
1009 2123 1161 2170 Faru.
1184 2123 1326 2173 Prie.
1351 2125 1497 2192 Rotg.
1524 2124 1689 2173 Oisel.
1725 2125 1855 2171 Exc.
1888 2123 2211 2171 Loeti.—554
2241 2135 2377 2169 sacra
2400 2121 2528 2168 Exc.
2553 2120 2713 2182 Laeti,

507 2184 591 2235 ed.
606 2186 775 2235 vicet.
798 2201 903 2234 sera
923 2187 1024 2235 duo
1045 2185 1231 2235 Leidd.
1252 2193 1310 2236 et
1331 2187 1519 2250 viginti
1542 2195 1649 2236 tres
1668 2185 1775 2247 alii,
1793 2189 1923 2236 Exc.
1946 2187 2165 2236 Gevart.
2191 2187 2409 2236 Lucens.
2427 2201 2503 2248 pr.
2526 2185 2715 2235 Sched·

508 2249 646 2299 Gud.
670 2250 798 2297 Var.
824 2251 927 2299 LL.
951 2265 982 2298 e
1007 2265 1169 2312 marg.
1205 2251 1380 2298 Parm.
1421 2258 1478 2299 et
1516 2252 1599 2300 ed.
1640 2250 1798 2300 AutV.
1838 2250 1997 2299 nescia
2032 2257 2089 2298 et
2122 2264 2231 2298 cera
2260 2264 2463 2313 quoque
2499 2249 2717 2312 legebat

507 2313 801 2366 Gronovius
822 2314 874 2361 in
901 2314 1029 2363 Exc.
1067 2315 1286 2363 schotti.
1325 2315 1572 2364 Heinsius
1610 2315 1925 2378 ascripserat
1955 2316 2127 2363 locum
2148 2314 2265 2363 Val.
2305 2315 2475 2363 Flacc.
2502 2329 2575 2362 vs.
2599 2316 2717 2363 261.

507 2379 526 2408 ‘
551 2385 608 2427 et
629 2379 754 2428 data
777 2378 879 2426 seri
902 2377 1060 2439 Signa
1095 2377 1250 2427 mali.'
1272 2379 1362 2428 ubi
1387 2380 1568 2428 Carrio
1591 2381 1729 2429 male
1750 2379 1865 2428 soevi
1899 2394 1965 2427 ex
1990 2379 2121 2440 Cod.
2155 2393 2249 2428 suo
2271 2378 2523 2441 reposuit.
2544 2377 2717 2439 supina

507 2441 654 2492 Med.
689 2447 1024 2506 quart.—655
1060 2444 1208 2492 nostri
1245 2457 1340 2505 pro
1375 2445 1489 2492 miri
1529 2445 1703 2494 Oxou.
1742 2458 1847 2493 see.
1886 2444 2005 2492 Urbi
2040 2444 2233 2492 Moret.
2274 2446 2542 2491 seta—557
2590 2441 2719 2490 illisa

509 2506 831 2556 Fam-658
849 2507 1026 2570 pugnis
1047 2508 1174 2571 Reg.
1200 2507 1371 2557 castris
1392 2524 1485 2570 pro
1505 2510 1653 2558 movit
1674 2509 1867 2558 Moret.
1890 2511 2134 2570 pr.-·—559
2156 2509 2388 2571 cinctuque
2410 2507 2583 2557 Oxou.
2610 2519 2717 2556 sec.

508 2571 730 2636 dictuque
749 2571 875 2621 Jun.
899 2587 979 2635 pr.
1002 2572 1166 2632 dictis,
1201 2573 1310 2622 siue
1346 2575 1554 2636 copula,
1579 2575 1692 2622 Pal.
1728 2572 1875 2623 Med.
1899 2587 1980 2635 pr.
2002 2574 2131 2634 Reg.
2156 2573 2328 2621 Oxou.
2354 2586 2430 2635 pr.
2451 2569 2719 2633 inflammat

511 2635 595 2686 ed.
616 2637 788 2686 Vicet.
825 2637 1029 2697 instigat
1055 2638 1184 2684 Lov.
1218 2638 1347 2686 Exc.
1373 2639 1508 2686 Laeti
1530 2645 1584 2687 et
1608 2639 1825 2686 Lucens.
1866 2651 1971 2686 sec.
2006 2641 2193 2686 cuntem
2229 2636 2521 2685 Lov.-—56⁰
2556 2636 2719 2696 Nunc,

508 2715 538 2748 o
574 2715 698 2748 nunc
734 2701 851 2749 Pal.
888 2699 1070 2748 Ambr.
1111 2705 1237 2748 tert.
1282 2701 1424 2749 Nunc
1459 2717 1584 2750 nunc
1622 2719 1649 2751 o
1689 2701 1806 2749 socii
1847 2701 1968 2750 Vat.
2006 2716 2083 2764 pr.
2118 2715 2277 2764 poenas
2324 2699 2487 2748 Italics
2530 2700 2719 2748 tandem

510 2770 733 2828 quatuor
771 2764 922 2812 Vatt.
951 2763 1069 2813 Pal.
1110 2763 1256 2813 Pric.
1301 2765 1444 2815 Rott.
1491 2766 1657 2815 Oisel.
1698 2765 1841 2815 Med.
1875 2779 2004 2828 pr.-
2020 2769 2114 2814 561
2162 2764 2391 2814 obsessum
2427 2763 2599 2813 Oxou.
2633 2777 2717 2827 pr.

1503 2911 1716 2962 NOTAE

577 3011 675 3057 562
725 2988 891 3057 Sortes
919 3005 1164 3069 malignae]
1214 3006 1442 3059 Oracula
1471 3021 1574 3059 ma·
1655 3010 1727 3060 rit
1746 3014 1818 3060 est
1836 3010 1889 3060 ia
1909 3011 2135 3069 omnibus,
2166 3011 2407 3060 concilium
2427 3024 2536 3060 vero
2567 3009 2722 3074 ἐρωῇ

513 3084 673 3148 ligna,
714 3082 835 3146 quia
869 3081 1170 3144 ambagibus
1202 3083 1254 3130 in
1305 3091 1578 3148 utramque

511 3165 719 3226 partem
735 3157 1057 3222 explicandis
1084 3159 1272 3207 muitos
1288 3156 1577 3222 decipiunt,

513 3235 744 3300 dantque
777 3234 1101 3284 occasionem
1137 3233 1377 3297 audendi,
1405 3235 1578 3283 simul-

516 3325 616 3378 que
637 3311 826 3374 saepius
851 3309 1117 3374 pereundi.
1313 3365 1327 3372 ,

581 3393 677 3439 553
713 3385 925 3449 Eventu]
957 3385 972 3412 ‘
1009 3387 1296 3436 Stultorum
1332 3388 1434 3436 iste
1470 3403 1576 3436 ma-

517 3464 678 3530 gister
717 3463 836 3522 est,'
877 3469 938 3511 ut
979 3463 1054 3512 ait
1091 3463 1282 3512 Fabius
1319 3463 1579 3514 Maximus

514 3539 657 3605 apud
680 3538 913 3589 Livium:
963 3539 1100 3588 uude
1125 3549 1332 3589 ver-sust
1379 3541 1579 3604 Vulgus

515 3618 534 3648 ⁸
569 3617 634 3666 ab
683 3622 873 3666 eventu
934 3615 1076 3665 facta
1121 3616 1350 3665 notanda
1395 3618 1578 3679 putat.'

519 3689 758 3742 Ovidius.
791 3691 866 3741 At
883 3705 949 3739 ex
971 3693 1186 3754 Seneca,
1216 3694 1232 3720 ‘
1255 3693 1451 3742 initium
1477 3709 1582 3742 om-

515 3771 657 3820 nium
675 3785 846 3818 rerum
867 3769 1092 3832 sapiens,
1104 3785 1204 3818 nou
1221 3771 1418 3819 exitum
1435 3786 1580 3834 spec·

517 3850 635 3894 tat:
671 3845 818 3894 initia
849 3845 900 3893 iu
938 3853 1200 3908 potestate
1238 3853 1408 3895 nostra
1447 3853 1582 3911 suut,

519 3919 586 3970 de
621 3931 811 3971 eventu
849 3919 1062 3970 fortuna
1085 3921 1320 3984 judicat!
1359 3923 1580 3971 Demos-

516 3997 716 4059 thenes,
749 3995 808 4046 τὸ
843 3995 932 4059 μὲν
967 3995 1111 4060 πέρας
1153 3998 1212 4046 ὥς
1257 3998 1314 4046 ἃν
1356 3999 1382 4046 ὅ
1411 3997 1584 4060 δαίμων

521 4065 734 4139 βουληθῇ
771 4072 960 4123 πάντων
992 4073 1194 4135 γίνεται,
1223 4075 1254 4135 ἦ
1285 4074 1337 4124 δὲ
1372 4076 1582 4140 προαίρε-

512 4165 598 4201 ‘crs
635 4152 754 4211 ain-h
794 4153 884 4211 τὴν
929 4153 1017 4201 τοῦ
1057 4152 1328 4213 συμβούλου
1379 4151 1582 4204 διάνοιαν

523 4229 690 4289 δηλοῖς
744 4228 956 4280 Eventus
985 4229 1172 4297 quidem
1193 4235 1246 4280 ut
1269 4231 1410 4282 Dm
1427 4233 1581 4286 volue-

1656 3086 1917 3136 consiliarii
1934 3087 2171 3146 judicium
2188 3087 2406 3136 ostendit.

1724 3167 1819 3210 655
1860 3158 2057 3226 Urbem]
2092 3163 2211 3212 Vox
2250 3163 2303 3211 in
2336 3163 2482 3226 sylva
2514 3161 2722 3213 dixerat

1658 3235 1888 3300 Alarico,
1922 3240 1938 3267 ‘
1966 3238 2082 3288 Hoc
2106 3239 2324 3302 impiger
2346 3254 2479 3288 anuo
2504 3238 2723 3302 Alpibus

1660 3313 1826 3362 Italiae
1860 3315 2027 3376 ruptis
2063 3316 2359 3379 penetrabis
2392 3316 2457 3364 ad
2488 3315 2722 3366 Urbem?

1660 3387 1897 3438 Alaricus
1934 3389 1997 3438 de
2038 3391 2165 3440 urbe
2214 3391 2377 3440 Roma
2422 3389 2721 3453 cogitabat-⁹.

1659 3463 1749 3512 sed
1806 3465 2090 3515 oraculum
2138 3455 2464 3529 intelligebat
2506 3465 2721 3516 fluvium

1659 3540 1903 3604 Liguriae,
1922 3541 2011 3604 qui
2028 3544 2418 3608 cognominatur
2444 3543 2591 3593 Urbs.-
2624 3544 2729 3592 sic-

1661 3631 1763 3680 que
1787 3615 2029 3666 Alaricus
2054 3619 2303 3682 deceptus
2337 3625 2433 3682 est,
2452 3626 2507 3669 et
2529 3626 2721 3670 eventu

1660 3691 1949 3756 interprete
1988 3694 2199 3756 agnovit
2234 3696 2323 3744 illa
2346 3695 2503 3744 verba
2525 3709 2638 3744 esse
2660 3695 2723 3743 il-

1661 3770 1791 3830 lusa,
1806 3783 1895 3818 seu
1918 3769 2168 3819 illusionis
2187 3771 2363 3836 plena:
2391 3772 2600 3835 agnovit
2613 3770 2725 3821 fata

1662 3843 1761 3893 sibi
1784 3845 2057 3895 illudentis
2075 3847 2326 3910 ambiguis
2350 3848 2577 3898 vocibus.

1726 3925 1825 3970 559
1850 3921 1996 3970 Pleno
2012 3923 2191 3986 gradu]
2227 3925 2443 3973 Stilicho
2465 3939 2565 3973 uon
2584 3937 2726 3988 spar-

1663 3993 1777 4054 sim,
1817 4011 1916 4045 nou
1956 4003 2170 4061 temere,
2206 4013 2308 4048 uon
2348 3992 2577 4061 iricaute,
2616 4013 2723 4048 uon

1664 4071 1861 4134 timide,
1894 4073 1985 4122 sed
2030 4074 2201 4136 pleno,
2236 4077 2397 4139 gravi,
2432 4075 2724 4140 audacique

1661 4148 1822 4211 gradu
1846 4158 2021 4199 movet
2043 4153 2300 4200 cohortes.

1724 4229 1823 4278 500
1855 4225 2009 4294 Socii]
2046 4227 2135 4283 Sic
2167 4227 2357 4282 AEneas
2386 4228 2723 4295 Virgilianos,
