3184 4984
2516 331 2656 405 753

1097 353 1196 404 ΒΕ
1243 351 1483 400 BBLLO
1528 347 1803 400 affrico
1852 349 2001 398 mn.

442 497 607 564 Non
633 497 776 560 sine
803 493 1080 562 Circaeis
1111 493 1402 560 Latonia
1428 492 1712 558 reddidit
1738 491 1986 559 herbis».

441 597 800 682 Cretaque,
832 597 894 662 si
919 615 1128 662 verax
1151 600 1451 660 narratur
1475 594 1729 671 fabula,
1758 593 1935 658 vidit

441 700 754 766 Minoum
777 704 974 782 rupto
1001 717 1276 782 puerum
1305 698 1574 781 prodire
1604 697 1910 778 sepulcro
1938 714 1955 760 t

444 801 662 881 Quem
695 802 914 866 senior
941 806 1131 867 vates
1161 801 1390 865 avium
1417 801 1727 882 clangore
1755 801 2088 881 repertum

443 902 762 968 Gramine
789 903 1110 968 restituit:
1155 903 1340 966 mirae
1363 921 1524 966 nam
1551 920 1825 964 munere
1854 901 2053 964 sortis

447 1004 698 1069 Dulcia
719 1003 920 1068 mella
945 1023 1211 1082 necem,
1241 1005 1454 1070 vitam
1483 1003 1664 1068 dedit
1689 1002 1995 1068 horridus
2026 998 2287 1086 anguis.

409 1181 415 1186 ‚
444 1103 541 1171 At
569 1110 722 1170 tuus
751 1104 1084 1170 adventus
1107 1124 1246 1196 uon
1271 1125 1476 1172 unum
1503 1123 1751 1188 corpus
1782 1106 1868 1168 ab
1896 1104 2176 1183 umbrie,

443 1327 551 1376 dolo
570 1341 776 1376 noverca
805 1331 1067 1378 contemtui.
1135 1327 1208 1377 Et
1249 1330 1417 1390 Creta,
1453 1329 1497 1378 si
1531 1343 1682 1377 sermo
1720 1343 1859 1379 vm
1894 1331 2200 1388 mutar,
2235 1325 2423 1390 aspexit
2454 1341 2662 1391 puerum.

447 1393 666 1440 Minoum
687 1392 819 1441 exire
840 1407 907 1440 ex
929 1393 1106 1440 tumulo
1115 1391 1279 1452 fracto
1296 1410 1317 1452 ,·
1349 1409 1482 1456 quem
1518 1407 1732 1456 puerum
1770 1394 2009 1442 inventum
2030 1393 2213 1441 ululatu
2236 1393 2473 1441 voluerum
2502 1407 2659 1454 augur

445 1457 604 1504 senior
635 1456 780 1505 herba
815 1456 1036 1520 quadam
1073 1458 1376 1506 restauravit.
1441 1458 1639 1506 Etenim
1671 1459 1791 1506 dono
1823 1457 1967 1505 sortis
2000 1455 2311 1515 admirabilia,
2331 1457 2473 1506 mella
2492 1457 2660 1506 mavia

447 1519 710 1570 dederuut
729 1521 831 1585 ipsi
854 1523 1016 1580 leram,
1034 1528 1106 1576 ,et
1137 1535 1324 1586 serpens
1359 1521 1601 1588 horribilis
1636 1521 1811 1572 tribuit
1841 1523 2005 1571 vitam.
2070 1519 2165 1569 Sed
2192 1522 2421 1570 adventu·
2438 1525 2663 1572 uuum

1405 1649 1671 1670 oeeeeeoee
1676 1646 1759 1670 deo

453 1745 754 1806 Utjuvenem
797 1743 929 1796 Exc.
951 1746 1103 1806 Laeti,
1127 1746 1212 1796 ed.
1233 1746 1404 1796 Vicet.
1453 1747 1629 1810 spretis
1645 1746 1832 1796 PetaV.
1856 1749 1979 1796 tert.
2030 1750 2239 1810 spretum
2274 1745 2449 1797 Oxou.
2486 1760 2662 1796 sem—2-

451 1813 546 1860 441
584 1811 713 1860 Num
739 1811 911 1860 Oxou.
933 1825 1035 1860 sec.
1095 1812 1293 1859 Cirroeis
1323 1811 1441 1860 Pal.
1475 1811 1622 1860 Med.
1648 1815 1891 1874 pr.—442
1928 1812 2164 1872 Certaque
2183 1811 2328 1859 Leid.
2350 1824 2431 1872 pr.
2455 1811 2665 1862 Tholos.

447 1887 559 1923 vera
579 1873 680 1922 duo
702 1875 850 1923 Vatt.
873 1875 1026 1922 Farn.
1049 1875 1193 1922 Med.
1215 1889 1316 1928 sec.
1339 1874 1421 1923 ed.
1444 1876 1618 1923 Vicet.
1640 1882 1693 1922 et
1714 1876 1892 1922 Parni.
1916 1874 2048 1922 Exc.
2071 1875 2225 1922 Laeti.
2257 1882 2403 1922 verax
2423 1874 2659 1926 Florent.

449 1937 554 1988 duo
576 1935 722 1988 Med.
759 1938 860 1987 inc.
898 1939 1079 1986 Heius.
1120 1938 1245 1986 Put.
1285 1938 1416 2000 Reg.
1450 1938 1644 1986 Thuan.
1684 1937 1879 1987 Mazar.
1916 1937 2115 1986 Bonou.
2156 1937 2277 1986 Pat.
2309 1937 2513 1988 Tholos.
2552 1947 2661 1989 tres

450 2001 638 2052 Petam
660 2001 877 2051 totidem
899 2000 1082 2050 Ambr.
1103 2001 1292 2052 Sched.
1317 2001 1456 2050 Gud.
1479 2003 1601 2050 Var.
1621 2002 1727 2050 LL.
1752 2015 1783 2050 e
1806 2014 1967 2062 marg.
1991 2000 2327 2050 Para—443
2349 2007 2489 2064 rapto
2510 2001 2661 2053 Laid.

454 2080 530 2128 pr.
584 2065 740 2114 redire
773 2080 871 2129 pro
900 2066 1092 2128 prodire
1128 2067 1284 2115 Farn.
1337 2065 1551 2128 prodisse
1571 2066 1863 2115 Low—444
1894 2069 2065 2114 durum
2090 2079 2184 2128 pro
2206 2066 2363 2113 avium
2385 2065 2531 2114 Med.
2555 2081 2662 2118 sec.

451 2131 652 2180 elamore
674 2137 782 2179 tres
801 2131 945 2178 Vati.
966 2131 1118 2180 Fam.
1143 2129 1294 2180 Rott.
1320 2131 1544 2179 Florent.
1565 2130 1754 2178 Petav.
1776 2143 1855 2191 pr.
1880 2129 2026 2180 Med.
2048 2144 2155 2178 sec.
2204 2133 2405 2179 clamore
2424 2131 2509 2179 vel
2536 2132 2665 2180 clun·-

447 2208 565 2254 gore
586 2194 706 2242 Vat.
730 2198 1062 2258 quarn—445
1085 2191 1194 2253 jam
1216 2208 1404 2242 manere
1424 2193 1573 2249 Leid.
1598 2209 1678 2257 pr.
1699 2194 1823 2244 Vat.
1846 2201 2014 2257 quart.
2058 2195 2247 2242 nuntiae
2267 2194 2384 2242 Pal.
2410 2194 2556 2244 Med.
2580 2210 2663 2258 pr.

451 2259 641 2306 vulnere
687 2259 831 2308 Med.
875 2273 978 2308 sec.
1019 2260 1168 2308 Voss.
1210 2260 1338 2307 Exc.
1384 2259 1599 2307 Gevart.
1653 2273 1763 2306 nam
1802 2260 1991 2307 walnen
2030 2258 2177 2308 Leid.
2211 2263 2481 2308 seue—446
2526 2261 2664 2308 melle.

451 2323 646 2372 Moret.
671 2338 748 2387 ρι’.
766 2321 872 2372 vid.
890 2325 1016 2372 Var.
1042 2323 1188 2372 Lect-
1209 2323 1668 2372 Contareni.-447
1693 2327 1883 2372 eventu
1903 2323 2025 2374 Vat.
2047 2322 2375 2387 quint—448
2406 2323 2489 2372 ub
2508 2328 2665 2374 monte

1377 2505 1382 2510 ’
1443 2497 1659 2549 NOTAE

457 2625 667 2692 deperit
706 2625 1034 2690 solicitatque
1075 2625 1304 2683 Phaedra
1338 2641 1521 2675 nover-

457 2719 540 2766 ca,
559 2703 650 2751 sed
672 2701 884 2752 frustra.
949 2705 1089 2766 Ergo
1114 2717 1338 2752 amorem
1361 2703 1525 2752 vertit

1600 2627 1763 2750 Μ442
1801 2624 1969 2689 Creta]
2014 2623 2210 2687 Insula,
2233 2623 2285 2672 iu
2306 2639 2405 2690 qua
2426 2623 2668 2690 regnavit

1663 2716 1789 2756 mos,

455 2778 512 2826 in
535 2777 727 2839 odium,
749 2793 971 2842 eumque
991 2779 1130 2841 apud
1149 2778 1410 2826 Theseum
1434 2793 1524 2841 pa-

459 2861 594 2926 trem
627 2860 855 2916 accusat,
877 2854 1024 2918 quasi
1059 2853 1156 2903 sibi
1189 2861 1424 2917 stuprum
1446 2855 1524 2904 in-

457 2929 602 2979 ferre
638 2929 902 2978 voluisset.
968 2929 1130 2978 Pater
1169 2929 1410 2978 credulus
1451 2931 1520 2979 de

437 3000 548 3054 'filii
590 3019 720 3054 nece
756 3007 986 3068 cogitat:
1040 3007 1361 3069 Hippolytus
1404 3021 1523 3055 con-

459 3095 642 3131 scenso
665 3095 819 3130 curru
845 3079 1017 3144 fugit3
1050 3081 1143 3129 sed
1168 3080 1288 3128 dum
1313 3081 1522 3144 Phocae,

456 3171 571 3222 quae
594 3157 732 3207 forte
753 3157 804 3206 in
825 3157 974 3206 littus
994 3157 1250 3220 exierant,
1270 3171 1521 3222 equorum

459 3234 684 3298 strepitu
706 3233 1000 3298 perterritae
1025 3233 1078 3280 in
1099 3247 1240 3282 mare
1261 3247 1316 3282 se
1339 3233 1522 3295 praeci-

460 3311 712 3376 pitarent,
745 3311 862 3376 equi
886 3309 1106 3359 vicissim
1129 3309 1295 3358 territi
1314 3323 1520 3361 currum

458 3401 557 3451 per
575 3403 696 3436 saxa
713 3387 940 3448 trahunt,
955 3385 1374 3449 Hippolytusque
1397 3385 1520 3434 loris

460 3461 743 3525 implicitus
767 3461 1098 3524 discerpitur.

524 3541 618 3588 441
657 3537 877 3599 Circaeis]
921 3535 1072 3585 Circe
1105 3535 1241 3584 Solis
1285 3533 1412 3597 filia,
1445 3535 1522 3584 iu-

460 3612 620 3675 signis
651 3610 752 3660 fuit
792 3608 1058 3660 venefica:
1091 3610 1366 3661 habitabat
1403 3625 1522 3660 oras

463 3685 602 3736 Latii
639 3687 691 3734 iu
714 3685 915 3736 Circaeo
948 3677 1122 3735 moute
1159 3684 1330 3734 herbis
1365 3685 1523 3736 abun-

461 3761 636 3812 dante.

524 3837 752 3900 Latonia]
797 3837 968 3888 Diana
1001 3839 1215 3888 Latonae
1251 3838 1374 3900 filia,
1405 3853 1523 3903 quoe

465 3914 676 3962 amabat
697 3913 1045 3978 Hippolytum
1087 3917 1344 3965 venationi
1385 3916 1527 3965 dedi-

466 3999 596 4052 tum,
633 4006 852 4054 eumque
887 4006 952 4039 ex
988 3993 1202 4040 mortuis
1237 3992 1525 4042 suscitavit.

464 4065 706 4130 Virgilius
744 4067 1050 4117 suscitatum
1087 4069 1162 4118 ait
1196 4069 1261 4116 ab
1303 4059 1527 4118 AEscula·

465 4141 588 4204 pio;
624 4142 716 4190 sed
736 4143 971 4205 precibus
986 4143 1167 4192 Dianae
1191 4142 1243 4192 id
1266 4141 1528 4194 effectum.

465 4216 784 4282 Hippolytus
815 4225 1003 4282 postea
1023 4219 1196 4270 dictus
1217 4226 1300 4271 est
1326 4221 1532 4272 Virbius.

595 4296 780 4364 Detpi.
798 4303 848 4348 et
873 4299 990 4351 ναν.
1009 4300 1141 4353 Clas.

1403 4323 1410 4330 ·
1491 4301 1661 4353 elaad.

1664 2777 1869 2840 Fabula]
1909 2777 2116 2827 Dicitur
2138 2777 2294 2826 etiam
2320 2776 2394 2826 de·
2408 2790 2666 2842 sermone,

1603 2861 1661 2903 ut
1680 2852 1823 2915 μύθος
1844 2853 1982 2917 apud
2007 2853 2240 2903 Graecos.
2308 2854 2404 2902 Est
2426 2853 2567 2902 urbis
2590 2852 2667 2903 fa·

1601 2930 1723 2980 bula
1744 2946 1757 2991 ;
1793 2931 1843 2979 id
1868 2935 1965 2988 est,
1985 2930 2131 2978 estin
2147 2943 2237 2978 ore
2254 2935 2411 2993 atque
2430 2943 2669 2982 sermone

1600 3005 1843 3058 omnium.

1665 3084 1761 3130 448
1797 3081 2042 3145 Minoum]
2086 3081 2343 3130 Glaucum
2378 3080 2569 3134 Minois
2605 3081 2671 3132 fi-

1600 3157 1743 3206 lium.
1811 3156 1916 3204 Hic
1951 3156 2004 3204 in
2038 3157 2204 3206 mellis
2239 3155 2429 3207 dolium
2454 3155 2670 3222 decidit,

1603 3243 1659 3283 et
1694 3233 2033 3298 extinguitur.
2098 3235 2271 3283 Minos
2309 3234 2475 3283 iratus
2508 3233 2669 3298 Poly-

1602 3311 1741 3360 idum
1766 3309 1954 3360 Glauci
1976 3309 2230 3360 medicum
2250 3295 2375 3359 cum‘
2388 3324 2552 3373 puero
2577 3325 2669 3359 ex-

1602 3386 1765 3435 tincto
1784 3386 1954 3434 vivum
1978 3385 2186 3448 sepeliri
2200 3384 2375 3447 jubet.
2413 3384 2668 3448 Polyidus

1603 3467 1729 3512 tunc
1768 3469 1978 3510 moestus
2022 3461 2168 3509 videt
2210 3462 2337 3510 duos
2378 3467 2671 3526 serpentes,

1604 3553 1819 3603 quorum
1843 3553 1995 3586 unum
2017 3537 2231 3608 occidit.
2294 3537 2399 3586 Sed
2422 3539 2574 3600 alter,
2592 3537 2669 3588 in·

1603 3620 1751 3676 gesta
1780 3615 1832 3663 in
1868 3628 1923 3662 os
1956 3614 2215 3678 serpentis
2248 3614 2411 3663 occisi
2444 3613 2669 3679 quadam

1602 3689 1780 3750 herba,
1819 3689 1919 3752 ipsi
1956 3690 2117 3738 vitam
2148 3689 2395 3739 reddidit.
2461 3689 2669 3742 Idcirco

1605 3764 1783 3815 eadem
1824 3765 1985 3816 herba
2024 3767 2209 3816 Glauci
2246 3781 2304 3816 os
2354 3767 2561 3829 replet3
2606 3771 2669 3816 et

1604 3843 1781 3892 statim
1813 3843 1899 3893 hic
1923 3843 2202 3894 reviviscit.
2266 3843 2533 3894 Videndus
2558 3843 2671 3910 Hy-

1606 3933 1773 3982 gmus.

1670 3999 1767 4044 444
1807 3995 1973 4059 Vates]
2023 3995 2273 4061 Polyidus
2302 4009 2467 4060 augur
2487 4000 2544 4046 et
2562 4009 2671 4046 me·

1606 4069 1767 4122 dicus.

1672 4146 1849 4196 Avium
1879 4147 2120 4210 clangore]
2176 4147 2392 4198 Ululatu
2432 4147 2672 4212 bubonis,

1610 4223 1700 4285 qui
1720 4221 1971 4274 indicavit
1994 4223 2248 4273 Glaucum
2266 4223 2319 4272 iu
2342 4224 2507 4274 mellis
2529 4223 2671 4274 dolio

2435 4305 2537 4354 sB
