3184 4984
553 351 685 422 940
1190 377 1309 427 cn.
1356 347 1788 426 cesanum
1837 377 2125 428 xxxiv.

548 515 717 582 Caci
744 517 1011 582 flamma
1037 518 1247 601 perit:
1289 519 1520 583 rubuit
1548 517 1859 582 Busiride
1887 517 2133 584 Nilusz

634 617 995 684 Prostratis
1025 613 1254 683 rubuit
1272 620 1626 701 nubigenis
1659 619 1932 683 Pholoe.

544 715 649 782 Te
679 719 919 804 Libyci
950 726 1259 803 stupuere
1294 723 1474 784 sinus
1501 743 1518 783 ε
1564 728 1632 783 te
1661 721 1999 783 maximus
2027 717 2221 784 Atlas

638 819 941 899 Horruit,
972 823 1291 904 imposito
1320 841 1475 885 cum
1500 839 1866 904 premerere
1895 821 2073 903 pole.
2141 807 2148 814 ’

2661 725 2760 787 45

554 1015 655 1063 culi
678 1030 861 1065 cervam
881 1033 897 1066 .·
926 1018 1058 1078 ignis
1084 1019 1201 1068 Caci
1222 1018 1539 1081 extinguitur.
1586 1018 1734 1067 Nilus.
1762 1018 1942 1067 tinctus
1961 1023 2028 1067 est
2047 1017 2293 1080 sanguine
2319 1017 2564 1067 Busiridis
2573 1033 2594 1075 ‚⁶
2629 1017 2758 1067 Pho-

550 1080 622 1127 lo'e'
639 1082 819 1128 maduit
842 1077 1087 1144 sanguine
1113 1085 1455 1132 Centaurorum
1475 1081 1745 1132 occisorum.
1815 1083 1882 1132 Te
1921 1084 2084 1132 littora
2101 1082 2270 1146 Libya
2291 1083 2583 1139 timum-uun
2611 1083 2764 1130 Atlas

549 1144 809 1194 altissimus
824 1150 871 1194 te
898 1147 1152 1210 obstupuit,
1182 1163 1287 1196 cum
1307 1148 1468 1206 ferres
1484 1149 1648 1196 coelum
1667 1147 2006 1210 superpositum
2019 1163 2039 1204 ,-
2071 1161 2345 1210 suspensum
2367 1152 2437 1196 est
2444 1146 2641 1212 firmius
2661 1147 2753 1196 im-

1472 1275 1828 1294 OOOOOOOOOO

550 1351 724 1414 Parm.
745 1355 914 1404 celeres
932 1369 1028 1419 pro
1047 1357 1253 1405 volucres
1271 1355 1373 1406 duo
1397 1356 1581 1406 Petav.
1609 1355 1732 1406 Var.
1771 1355 1877 1406 LL.
1900 1369 1930 1404 e
1969 1369 2131 1418 marg.
2153 1355 2460 1406 Parme—43
2495 1355 2750 1418 rubuitque

552 1417 783 1467 Florent.
825 1419 955 1482 Reg.
1002 1421 1103 1470 inc.
1145 1421 1329 1469 Heius.
1368 1421 1469 1470 duo
1509 1421 1694 1469 Petav.
1729 1420 1988 1482 tribuitque
2025 1421 2259 1470 Busiride:
2299 1421 2420 1469 Put.
2463 1420 2566 1468 duo
2600 1419 2750 1468 Med.

552 1480 735 1531 Heius.
761 1483 832 1531 H.
866 1485 1126 1546 tribuitque
1171 1485 1405 1534 Busirida
1446 1486 1565 1533 Nilo
1605 1485 1789 1535 Petav.
1809 1489 2046 1536 sem—44
2088 1484 2300 1534 Vastatis
2339 1484 2510 1533 Oxou.
2553 1498 2656 1532 sec.
2681 1498 2756 1532 m.

553 1559 660 1594 sec.
692 1545 853 1594 rubuit
873 1547 993 1596 Jun.
1018 1563 1093 1610 pr.
1117 1549 1348 1598 chartac.
1382 1547 1565 1598 Heius.
1601 1550 1724 1598 Vnt.
1765 1563 1846 1611 pr.
1885 1549 2016 1598 Cod.
2055 1548 2346 1598 Bartholin.
2383 1549 2514 1596 Exc.
2557 1547 2752 1596 Petav-

549 1614 719 1673 qnnrt.
740 1610 823 1658 ed.
846 1611 1018 1660 Vicet.
1053 1614 1236 1661 maduit
1259 1621 1363 1660 tres
1381 1613 1530 1661 vatt.
1575 1620 1630 1660 et
1669 1613 1720 1660 (l.
1745 1613 1858 1662 Pul.
1884 1613 2117 1662 Florent.
2143 1613 2244 1661 duo
2277 1611 2424 1660 Med.
2465 1610 2648 1658 Heius.
2671 1609 2747 1659 H.

552 1673 723 1723 etinc.
762 1674 924 1738 ejusd.
960 1676 1080 1724 Put.
1106 1678 1236 1740 Reg.
1252 1677 1703 1728 ,Bonon.·'1'holos.
1729 1676 1832 1724 duo
1850 1677 1998 1726 Voss.
2023 1684 2130 1725 tres
2171 1678 2358 1725 Petav.
2401 1676 2523 1724 Var.
2565 1676 2669 1724 LL.
2711 1688 2745 1722 e

547 1738 1145 1868 32523335¹¹1¹³nf¹ieif
1163 1740 1597 1854 infitiata.
1614 1738 2752 1854 amisit?‘12253’ss'53ffl1‘3233fixi?

547 1863 735 1915 Petu.
758 1874 928 1930 quart.
962 1868 1169 1931 ,κέρατι-ε
1190 1868 1320 1933 Reg.
1343 1883 1410 1917 m.
1434 1883 1511 1930 pr.
1536 1868 1718 1918 Petav.
1745 1883 1820 1931 pr.
1853 1869 2051 1917 timuere
2065 1869 2188 1916 Vat.
2213 1883 2291 1930 pr.
2315 1868 2542 1916 chartac.
2565 1867 2754 1916 Heius.

550 1929 678 1980 eod.
698 1931 985 1980 Bartholin.
1007 1931 1091 1981 ed.
1114 1934 1289 1982 vicet.
1322 1935 1557 1980 ”auximus
1584 1933 1728 1981 Atlas
1763 1932 1892 1982 eod.
1915 1931 2204 1981 Bartholin.
2245 1930 2424 1981 Ambr.
2454 1938 2574 1980 tert.
2612 1931 2748 1978 Exc.

550 1993 738 2043 Petav.
760 2005 926 2058 quart.
945 1996 1027 2044 ed.
1054 1997 1222 2044 Vicet.
1256 1997 1461 2045 maxime
1487 1997 1604 2045 Vat.
1646 2011 1721 2060 pr.
1747 1997 1882 2043 unde
1922 1998 2127 2045 maxime
2164 2001 2212 2045 et
2247 1996 2457 2058 legebat
2481 1995 2750 2044 Heinsius.

549 2059 759 2106 maxime
782 2060 945 2108 Telbis
964 2061 1115 2109 Voss.
1140 2075 1217 2122 pr.
1241 2075 1308 2107 m.
1327 2075 1429 2108 sec.
1454 2061 1573 2107 Vat.
1601 2074 1702 2110 sec.
1717 2060 1926 2108 maxima
1951 2060 2113 2108 Tethis
2136 2066 2241 2109 tres
2259 2061 2406 2108 Vatt.
2439 2057 2554 2109 Pal.
2589 2057 2754 2108 maxa·-

538 2135 629 2170 -ma
648 2123 825 2185 Tethys
848 2125 1074 2172 Florent.
1102 2126 1205 2172 duo
1222 2125 1363 2172 Med.
1385 2124 1566 2174 Heius.
1588 2123 1656 2172 H.
1681 2132 1737 2173 et
1769 2125 1871 2172 inc.
1905 2125 2070 2186 ejusd.
2093 2124 2215 2174 Pnt.
2243 2125 2372 2186 Reg.
2395 2123 2598 2172 Bonon.
2617 2123 2750 2172 Tho·

538 2184 641 2234 los.
662 2185 765 2234 duo
788 2187 906 2236 Jun.
922 2187 1029 2235 dno
1056 2187 1228 2235 Oxon.
1254 2189 1402 2234 Voss.
1430 2201 1507 2249 pr.
1530 2201 1597 2235 m.
1614 2202 1693 2250 pr.
1721 2197 1825 2236 tres
1849 2187 2034 2235 Petav.
2058 2187 2181 2244 Vat.
2209 2188 2374 2236 Livin.
2397 2187 2636 2236 Heinsius
2658 2201 2751 2234 an-

547 2255 823 2306 notaverat
840 2265 981 2316 seqq.
1016 2252 1032 2278 ‘
1056 2251 1229 2313 Tethys
1245 2252 1389 2298 solem
1405 2251 1583 2312 excipit
1607 2250 1768 2301 Ovid.
1799 2251 1887 2300 lib.
1905 2265 1966 2299 11.
1989 2251 2125 2301 Met.
2144 2251 2256 2300 Val.
2284 2251 2429 2300 Flac.
2467 2250 2556 2300 lib.
2572 2265 2634 2300 ιι.
2675 2265 2752 2301 vs.

536 2315 630 2365 ³4.
652 2319 710 2364 et
732 2328 877 2378 seqq.
904 2315 1021 2363 vide
1042 2315 1211 2365 locum
1250 2329 1281 2363 a
1298 2329 1380 2364 me
1403 2315 1732 2364 emendatum
1757 2315 1846 2366 lib.
1864 2329 1925 2366 ιι.
1950 2330 2000 2380 ρ.
2023 2319 2105 2365 26.
2129 2314 2327 2367 ιμ’-46
2357 2317 2469 2364 dum
2483 2329 2750 2380 premerere

1542 2459 1757 2534 Nom:

546 2563 842 2621 repugnent
877 2551 1113 2624 Ph'ysici)
1148 2557 1389 2608 cornibus
1429 2557 1602 2607 aureis

538 2631 1058 2682 Dianae-dedicatam
1082 2648 1147 2684 ex
1183 2635 1429 2698 Pindaro,
1466 2635 1603 2683 Her-

548 2709 688 2758 cules
712 2707 932 2770 domuit,
954 2716 1043 2758 aut
1065 2711 1277 2767 retibus,
1302 2717 1394 2760 aut
1429 2725 1604 2772 cursu,

538 2791 637 2832 ‘aut
658 2795 834 2831 somno
844 2785 1141 2847 jacentem:
1177 2784 1289 2833 haec
1306 2784 1604 2835 incredibili

536 2857 735 2920 'pedum
759 2860 1032 2907 celeritate
1052 2859 1279 2909 valebat.

608 2935 673 2982 43
711 2932 851 2994 Caci]
908 2933 1076 2983 Cacus
1110 2933 1338 2998 Abigeus
1371 2935 1601 2999 semifer,

544 3007 770 3056 Vulcani
804 3007 955 3068 filius,
992 3008 1226 3060 flammas
1266 3009 1511 3060 vomebat
1549 3012 1602 3060 in

542 3083 827 3148 Campania
880 3086 1049 3136 Italioe
1084 3088 1293 3152 regione
1318 3104 1333 3148 3
1385 3087 1479 3137 sed
1532 3088 1601 3138 ab

546 3159 780 3209 Hercule
804 3163 1067 3211 extinctus
1084 3171 1181 3212 est.

607 3236 854 3298 Busiride]
888 3237 1104 3299 BusiriS,
1143 3238 1379 3302 Neptuni
1411 3244 1467 3287 et
1486 3237 1597 3302 {Li-

538 3313 657 3375 byae
678 3315 879 3377 Epaphi
916 3313 1038 3363 filiae
1076 3313 1231 3377 filius,
1266 3315 1497 3380 hospites
1532 3317 1593 3366 in

535 3387 758 3451 AEgyplo
784 3389 1103 3452 immolabat,
1144 3389 1236 3439 sed
1260 3389 1326 3440 ab
1360 3391 1593 3442 Hercule

534 3461 827 3512 immolatus
856 3471 950 3514 est.

600 3543 665 3588 44
688 3540 977 3604 Nubigenis]
1014 3543 1302 3605 Nubigenae
1322 3548 1444 3593 sunt
1466 3543 1596 3593 Cen-

532 3612 829 3674 ·tsnri,·nati
849 3629 914 3663 ex
941 3616 1123 3665 Ixione
1158 3623 1213 3665 et
1246 3617 1385 3665 nube
1407 3632 1596 3681 suppo-

534 3688 636 3738 sita
664 3704 694 3737 a
716 3690 939 3751 Junone,
962 3706 1113 3755 quam
1148 3691 1295 3740 Ixion
1319 3693 1387 3741 de
1410 3700 1593 3756 stupro

530 3761 793 3816 'solicitam
818 3781 969 3814 ausus
990 3767 1178 3816 fuerat.
1236 3769 1485 3818 Centauri
1504 3786 1591 3820 au-

531 3848 641 3894 tem
694 3851 813 3893 sunt
867 3846 1052 3906 partim
1103 3847 1351 3909 homines,
1400 3849 1587 3911 partim

540 3919 677 3984 equi,
725 3921 902 3982 sicque
940 3920 1103 3968 mixta
1137 3929 1320 3972 natura
1344 3930 1591 3973 monstro-

527 3993 617 4042 ‘siz‘
652 3994 743 4042 hos
768 3994 968 4042 domuit
980 3997 1255 4057 Hercules,
1276 4013 1437 4060 prope
1458 3999 1591 4048 Pho-

537 4068 657 4117 loiin
674 4079 899 4119 montem
923 4070 1163 4120 Arcadiae
1188 4079 1279 4122 ant
1305 4075 1590 4126 Thessaliae.

536 4143 771 4195 Nolebat
806 4147 870 4195 iis
912 4147 1101 4196 bellum
1123 4145 1313 4198 inferre
1342 4150 1589 4211 injustum

527 4217 811 4285 Hercules,
832 4222 925 4271 sed
949 4223 1147 4273 curavit
1164 4235 1221 4274 se
1242 4221 1467 4289 hospitio
1480 4239 1592 4277 sns-

1683 2557 1788 2622 cipi
1811 2572 1841 2606 a
1863 2556 2028 2607 Pholo
2047 2573 2062 2617 ;
2087 2570 2207 2621 quo,
2227 2571 2344 2606 cum
2367 2553 2747 2618 generosissimi

1681 2635 1786 2683 vini
1808 2634 1966 2684 cadus
1988 2637 2330 2696 promeretur,
2351 2632 2599 2681 Centauri
2621 2629 2747 2680 odo·

1681 2725 1738 2758 re
1783 2709 1885 2757 vini
1929 2708 2106 2758 allecti
2151 2706 2534 2768 confluxerunt,
2583 2707 2742 2772 idque

1681 2788 1986 2846 rapuerunt.
2055 2781 2312 2832 Hercules
2371 2791 2552 2830 nactus
2617 2781 2743 2830 hino

1679 2859 2004 2907 occasionem
2022 2873 2108 2908 eos
2127 2873 2299 2906 omnes
2318 2857 2598 2920 interemit,
2619 2857 2744 2921 quia

1679 2932 1816 2982 ἄδικα
1834 2935 2052 2999 δρῶντας,
2079 2933 2258 2993 injusta
2268 2930 2522 2992 facientes.
2585 2932 2746 2998 Poly-

1682 3025 1840 3063 aenuS.

1744 3092 1806 3137 45
1840 3087 2010 3153 Libyci
2030 3085 2184 3148 sinus]
2234 3088 2300 3136 Id
2323 3095 2420 3148 est,
2443 3086 2578 3137 horti
2600 3085 2740 3136 Hes·

1681 3163 1936 3228 pieridum,
1955 3179 2022 3213 ex
2043 3165 2230 3228 quibus
2254 3163 2509 3212 Hercules
2525 3163 2744 3212 abstulit

1679 3254 1834 3304 poma
1855 3255 2012 3289 aurea
2034 3246 2238 3289 servata
2259 3255 2288 3288 a
2311 3238 2532 3288 dracone
2553 3255 2568 3287 ε
2600 3238 2740 3287 sinus

1676 3315 1860 3363 alludit
1883 3316 1946 3362 ad
1964 3313 2128 3364 flexus
2148 3313 2400 3362 Draconis
2421 3319 2477 3362 et
2497 3301 2728 3361 littoris.'

1675 3403 1680 3410 ·
1740 3389 1905 3452 Atlas]
1930 3389 2077 3439 Atlas
2103 3389 2220 3438 Rex
2241 3390 2362 3438 olim
2383 3388 2741 3449 Mauritaniae3

1676 3467 1767 3515 sed
1804 3467 1986 3515 Persei
2027 3466 2202 3529 capite
2245 3465 2514 3514 Mednsaeo
2553 3466 2739 3514 versus

1677 3541 1831 3591 estin
1853 3549 2103 3602 montem,
2142 3541 2229 3605 qui
2265 3555 2410 3589 mons
2433 3547 2514 3589 est
2553 3539 2741 3588 altissi-

1676 3632 1788 3668 mus
1825 3618 1879 3666 in
1921 3617 2237 3667 Mauritania
2271 3614 2466 3665 Africae
2500 3615 2739 3678 regione,

1674 3694 1762 3759 qui
1805 3695 2153 3742 cum'coelum
2195 3691 2492 3750 sustineret,
2537 3696 2590 3738 et
2618 3685 2737 3752 jam

1671 3783 1832 3818 onere
1869 3767 2102 3817 defessus
2144 3765 2298 3829 foret,
2357 3765 2553 3814 Coelum
2595 3765 2741 3814 Her-

1669 3845 1774 3894 culi
1797 3835 2078 3908 proceriori
2109 3850 2268 3908 atqne
2287 3843 2558 3892 valentiori
2581 3841 2740 3918 dedit·

1668 3919 2022 3970 sustinendum
2041 3937 2056 3968 ι
2089 3920 2189 3968 hoc
2212 3917 2436 3970 refertur
2457 3919 2522 3966 ad
2545 3917 2735 3970 Astro-

1670 3998 1876 4061 logiam,
1910 4009 2062 4061 quam
2095 3993 2248 4046 Atlas
2273 3993 2555 4047 Herculem
2577 3993 2742 4048 doce-

1671 4072 1778 4122 bat.
2704 4085 2718 4090 ⁴

1668 4149 1681 4156 ‘
1729 4151 1796 4196 46
1831 4145 2064 4212 Han-icit]
2089 4206 2093 4210 ³
2115 4145 2181 4200 Id
2213 4150 2314 4215 est,
2341 4126 2764 4214 perculsusssba.

1664 4221 1886 4288 stupuit,
