3184 4984
549 367 681 432 ⁷52

542 523 705 590 Jam
733 527 954 606 captae
983 523 1232 590 vindex
1262 527 1544 608 patriae3
1587 530 1664 590 tu
1690 527 1967 610 sospitis
1995 526 2189 592 ultor.

543 623 606 688 Ο
638 631 952 708 quantum
983 631 1234 690 mutata
1261 632 1378 690 tuo
1409 625 1707 692 Fortuna
1734 629 2067 710 regressu!

543 723 644 788 Ut
671 746 822 790 sese
853 728 1099 810 pariter
1126 727 1390 793 diffudit
1414 729 1480 792 in
1511 729 1733 793 omnia
1762 729 1939 810 regni

542 819 851 891 Membra
879 829 1096 909 vigor,
1125 829 1450 912 vivusque
1477 829 1653 891 redit
1678 829 1869 892 color
1898 829 2175 892 urbibus
2206 828 2435 911 aegris!

559 967 567 974 -
628 925 932 994 Creditur
966 929 1324 994 Herculeis
1348 931 1564 1000 lucem
1589 943 1941 994 renovasse
1970 929 2237 994 lacertis

543 1023 854 1092 Foemina
883 1029 1121 1095 dilecti
1149 1030 1304 1094 fatis
1334 1029 1635 1114 impensa
1664 1031 1909 1096 mariti.

534 1124 624 1192 Et
639 1127 948 1211 juvenem
977 1135 1222 1214 spretae
1251 1132 1572 1196 laniatum
1598 1130 1827 1194 fraude
1854 1149 2155 1196 novercae

1217 385 1332 434 ch.
1379 385 1803 434 CLAUDIAM
1854 385 2079 434 xxvl.

2602 1132 2739 1197 440

535 1310 695 1360 lamis.
763 1313 810 1360 0
839 1326 977 1374 quam
1003 1311 1204 1372 fortuna
1225 1327 1361 1361 versa
1395 1317 1476 1360 est
1510 1313 1667 1361 reditu
1700 1309 1820 1360 tuo!
1886 1309 1935 1360 Ο
1958 1326 2097 1374 quam
2117 1311 2341 1360 similiter
2360 1311 2432 1360 vis
2452 1311 2671 1374 dispersit
2691 1325 2743 1360 se

531 1373 588 1424 in
609 1380 798 1424 cunctas
811 1381 973 1438 partes
986 1375 1198 1439 Imperii,
1211 1381 1259 1423 et
1266 1375 1424 1436 facies
1436 1381 1603 1436 vegeta
1622 1377 1809 1425 reddita
1826 1380 1897 1423 est
1913 1375 2106 1424 urbibus
2120 1375 2347 1441 afflictis!
2379 1375 2560 1423 Mulier
2578 1377 2745 1423 devota

538 1439 832 1487 avertendae
876 1439 1020 1487 nim-ti
1061 1439 1272 1498 confligis
1309 1441 1412 1488 cari
1451 1441 1753 1488 existimatur
1793 1453 2027 1488 revocasse
2047 1441 2196 1487 vitam
2231 1439 2445 1487 manibus
2474 1439 2745 1487 Herculeis.

539 1499 610 1550 Et
627 1500 828 1551 latonia
852 1503 1020 1551 Diana
1039 1518 1132 1550 non
1153 1503 1322 1566 absque
1335 1505 1629 1564 graminibus
1645 1504 1808 1552 Circes
1828 1503 2128 1552 resuscitavit
2145 1503 2475 1551 adolescentem
2490 1503 2743 1550 laceratum

1454 1658 1778 1677 OO‘OOOOOOOO
1786 1659 1812 1677 O

532 1776 714 1833 oportet
748 1786 844 1834 pro
875 1777 1066 1836 uterque
1088 1775 1286 1823 Bonon.
1323 1773 1511 1835 utrique
1527 1771 1897 1822 'tholam—434
1938 1773 2063 1820 Nam
2084 1769 2227 1820 Leid.
2249 1773 2490 1832 pin—485
2527 1769 2741 1820 Fortuna

531 1839 614 1883 tuo
657 1840 840 1884 mutata
878 1837 1008 1897 Reg.
1031 1837 1203 1886 Oxou.
1225 1852 1305 1900 pr.
1347 1838 1426 1898 pio
1463 1851 1556 1898 pro
1598 1841 1681 1884 tuo
1702 1836 1845 1884 Med.
1890 1849 1995 1884 sec.
2040 1848 2221 1883 recessu
2242 1835 2363 1882 Vnt.
2405 1847 2484 1895 pr.
2525 1834 2745 1883 Fam.—

529 1901 632 1948 436
663 1897 897 1961 diffundit
938 1899 1084 1949 Leid.
1119 1915 1200 1962 pr.
1226 1915 1292 1948 m.
1316 1915 1396 1962 pr.
1419 1899 1585 1949 Oisel.
1606 1899 1705 1946 duo
1722 1897 1903 1947 Ambr.
1924 1900 1975 1946 in
1996 1900 2153 1946 autina
2170 1897 2317 1946 Leid.
2340 1900 2583 1959 piu—48⁷
2604 1897 2743 1958 rig-ot

529 1960 2280 2088 &22303101‘342335525afffffflzass‘ffl‘z’ssa‘&tzssss‘zss‘fflzr
2306 1962 2448 2071 m
2476 1961 2604 2072 2³53
2616 1961 2737 2072 {¹3¹5

573 2101 614 2136 r.
655 2088 810 2138 Farn.
835 2088 1014 2137 Ambr.
1056 2096 1178 2139 tert.
1204 2091 1330 2138 Exc.
1375 2088 1526 2139 Laeti.
1565 2089 1689 2136 color
1710 2086 1811 2134 duo
1849 2087 2034 2136 Leidd.
2056 2086 2157 2135 duo
2182 2086 2327 2135 Med.
2352 2087 2580 2136 Floreat.
2602 2087 2739 2150 Reg-

528 2101 723 2199 finan.
749 2153 946 2201 Bonon.
988 2153 1108 2202 Pat.
1149 2154 1352 2201 Tholos,
1399 2154 1522 2200 Lov.
1561 2151 1713 2199 umbo
1754 2151 1946 2200 Moret.
1984 2150 2086 2199 duo
2107 2151 2281 2200 Oxou.
2317 2149 2533 2198 totidem
2554 2148 2737 2202 Ambr.

529 2219 638 2262 tres
660 2214 848 2263 Petav.
867 2215 970 2264 inc.
995 2215 1177 2266 Heius,
1201 2218 1325 2264 Exc.
1351 2216 1565 2264 Gevsrt.
1589 2221 1649 2262 et
1676 2215 1888 2264 Lucens.
1912 2228 1989 2276 pr.
2011 2213 2096 2261 ed.
2120 2214 2295 2263 Parm.
2314 2215 2445 2261 calor
2486 2213 2569 2262 vel
2610 2215 2737 2262 color

531 2277 680 2325 Med.
706 2293 784 2340 pr.
801 2279 1006 2327 omnibus
1026 2279 1140 2327 Pal.
1158 2279 1369 2327 omnibus
1387 2281 1467 2326 vel
1503 2277 1693 2326 urbibus
1714 2277 1859 2326 Med.
1897 2291 1975 2339 pr.
2008 2277 2158 2340 oequis
2192 2292 2286 2340 pro
2306 2277 2453 2336 oegrt's
2472 2277 2737 2326 Muzur.-
2798 2304 2801 2307 ·

527 2343 627 2387 ⁴⁸8
661 2340 980 2390 Gronov..in
1003 2343 1133 2392 Exc.
1169 2343 1370 2392 Schott.
1410 2343 1723 2403 ascripserat
1763 2341 1946 2388 Liban.
1984 2340 2051 2388 sd
2082 2341 2333 2390 Theodos.
2370 2353 2493 2392 1111.
2530 2354 2582 2402 ρ.
2620 2345 2736 2391 408.

530 2417 772 2464 reparasse
813 2404 1018 2454 Ambr.·
1041 2421 1147 2455 sec.
1189 2420 1424 2455 revocasse
1467 2405 1600 2453 Exe.
1642 2405 1791 2453 Laeti.
1818 2404 2005 2468 figuris
2042 2404 2123 2452 vel
2165 2404 2353 2452 lacertis
2379 2404 2503 2452 Vnt.
2547 2410 2735 2454 tert.—

527 2469 630 2515 439
665 2468 873 2530 impensa
914 2470 998 2519 vel
1041 2470 1272 2532 impressa
1312 2471 1441 2518 Exc.
1483 2467 1800 2518 Laeti.-——-440
1836 2469 1903 2516 Et
1945 2467 2167 2527 juvenem
2219 2469 2353 2520 Exc.
2395 2467 2612 2516 Lucens.
2656 2482 2735 2530 pr.

1522 2628 1734 2679 NOTAE

591 2757 688 2804 434
719 2753 925 2817 Sospitis
965 2757 1111 2819 ultor]
1173 2756 1250 2804 Tu
1311 2755 1588 2804 vindicasti
1668 2752 1811 2802 cules
1834 2752 2151 2802 descendens
2188 2752 2253 2802 ad
2290 2751 2485 2802 inferos
2509 2753 2730 2802 resusci-

525 2829 761 2891 patriam,
779 2836 1055 2892 autequam
1073 2831 1293 2892 perirem
1320 2831 1588 2894 gloribsior
1652 2827 1817 2890 tavit,
1840 2833 2041 2876 terrens
2074 2836 2292 2878 mortem
2314 2843 2429 2892 quae
2452 2843 2563 2877 eam
2588 2837 2731 2878 tene-

527 2909 626 2964 est,
648 2904 738 2967 qui
759 2902 962 2953 cladem
979 2910 1142 2967 vetat,
1159 2912 1310 2970 quam
1333 2907 1418 2969 qui
1440 2919 1587 2968 repa·

524 2983 688 3101 ”231
719 3051 883 3115 Vigor,
905 3054 1050 3118 color]
1081 3056 1161 3104 Te
1186 3056 1399 3106 absente
1421 3057 1586 3104 Roma

526 3132 642 3175 erat
677 3141 836 3190 aegra,
877 3129 1144 3192 languens,
1167 3130 1360 3193 pallida
1381 3147 1394 3178 ε
1433 3136 1484 3179 te
1507 3145 1584 3179 re-

447 3255 454 3266 .
523 3199 740 3265 (lenate,
777 3203 1106 3266 convalescit,
1149 3206 1480 3269 vigoremque
1519 3221 1580 3254 ac

523 3273 716 3326 faciem
739 3277 1006 3339 pristinam
1035 3279 1284 3340 resumit3
1317 3280 1371 3327 in
1407 3279 1582 3342 pristi-

523 3364 647 3400 num
667 3357 862 3402 statum
895 3359 953 3402 et
991 3354 1314 3418 splendorem
1357 3355 1582 3405 restitui-

523 3431 630 3476 tur.

539 3533 551 3544 -
587 3505 685 3552 438
710 3504 972 3566 Herculeis,
1014 3508 1092 3568 &a
1116 3505 1458 3570 foemina,85c.]
1492 3505 1580 3554 Al-

521 3577 698 3640 cestis,
738 3593 866 3628 uxor
908 3579 1115 3628 Admeti
1155 3582 1433 3631 Thessaliae
1477 3584 1577 3632 Re-

520 3653 616 3716 gis,
637 3668 750 3702 cum
777 3655 1058 3704 oraculum
1095 3657 1440 3718 respondisset
1463 3671 1578 3706 eum

519 3741 623 3777 non
647 3732 963 3789 moriturum,
989 3732 1032 3780 si
1055 3733 1165 3795 quis
1188 3747 1252 3780 ex
1276 3733 1575 3796 propinquis

519 3809 737 3853 mortem
776 3806 875 3868 ipsi
918 3814 1151 3869 paratam
1190 3807 1364 3856 subire
1391 3809 1576 3870 vellet;

517 3877 648 3941 ipsu,
668 3877 1042 3942 refugientibus
1066 3881 1273 3944 ceteris,
1288 3896 1397 3929 sese
1431 3885 1578 3931 obtu-

518 3953 600 4015 lit,
624 3961 678 4002 et
698 3956 871 4003 mariti
909 3964 1127 4004 mortem
1169 3971 1262 4004 sua
1298 3963 1465 4006 morte
1503 3972 1579 4006 re-

518 4027 688 4091 pulit:
737 4029 865 4078 adeo
906 4030 1048 4079 illum
1085 4027 1314 4082 amabat!
1351 4047 1452 4097 quo
1474 4032 1578 4083 fac-

518 4106 578 4155 to
601 4117 632 4150 a
653 4104 766 4154 Diis
789 4107 996 4170 meruit,
1014 4114 1072 4154 ut
1089 4107 1153 4156 ab
1170 4105 1352 4156 inferis
1374 4122 1582 4157 revoca·

519 4183 685 4230 retur.
736 4181 890 4232 Plato
931 4182 986 4231 in
1027 4183 1202 4247 Symp.
1259 4182 1410 4234 Hanc
1444 4183 1578 4234 Her-

1667 2902 1774 2951 bat.
1828 2903 2035 2951 Natalis
2060 2905 2261 2952 Comes.
2316 2903 2598 2966 Robertus,
2622 2905 2731 2954 Gu-

1664 2979 1827 3028 lielmi
1861 2980 2025 3029 Nothi
2065 2979 2219 3042 filius,
2257 2982 2555 3030 Normaniae
2589 2983 2729 3044 Dux,

1664 3055 1717 3104 in
1742 3069 1914 3118 pugna
1937 3056 2413 3118 Hierosolymitana
2434 3057 2486 3105 in
2511 3057 2727 3108 brachio

1661 3130 1820 3180 letale
1845 3131 2025 3180 vulnus
2043 3139 2339 3195 exceperat,
2351 3131 2489 3196 quod
2511 3131 2565 3180 in
2586 3131 2731 3181 fistu-

1664 3205 1763 3253 lam
1788 3205 2229 3268 degeneraverat:
2270 3206 2391 3254 hinc
2429 3207 2635 3256 transiit
2673 3208 2727 3257 in

1660 3279 1923 3343 Apuliam,
1958 3287 2015 3331 et
2048 3281 2285 3330 Scholam
2326 3281 2725 3347 Salernitanam,

1660 3373 1775 3421 quae
1798 3358 1984 3406 vulnus
2029 3356 2289 3420 frequenti
2328 3357 2429 3405 oris
2465 3365 2612 3407 suctu
2646 3374 2727 3407 sa·

1662 3432 1775 3480 nari
1852 3445 2007 3495 posse
2082 3432 2386 3496 respondit:
2453 3433 2469 3460 ‘
2495 3433 2728 3483 Nolebat

1663 3510 1915 3571 Princeps
1960 3509 2074 3573 pius
2119 3515 2173 3558 et
2228 3510 2453 3573 optimus
2496 3508 2725 3560 fistulam

1658 3582 1937 3646 sugendam
2012 3584 2170 3633 alicui
2246 3584 2590 3648 committere,
2656 3599 2725 3634 ne

1658 3663 1947 3722 quenquam
1968 3659 2035 3708 ob
2070 3673 2331 3708 venenum
2369 3659 2421 3706 in
2443 3660 2566 3707 vitae
2590 3660 2725 3723 peri-

1658 3736 1831 3783 culum
1906 3743 2151 3786 vocaret}
2218 3737 2329 3799 ejus
2400 3737 2726 3786 nihilominus

1658 3827 1787 3860 uxor
1808 3811 2083 3876 (Sibylla),
2118 3827 2251 3861 novo
2275 3811 2461 3860 amoris
2483 3813 2725 3876 exemplo

1658 3887 1905 3948 excitata,
1926 3887 2140 3949 dicitur,
2180 3887 2369 3936 marito
2418 3887 2723 3947 dormiente,

1660 3960 1881 4010 fistulam
1919 3962 2137 4025 suxisse,
2169 3969 2223 4011 et
2262 3976 2465 4011 sanasse
2488 3962 2595 4010 sine
2617 3963 2723 4009 ullo

1662 4036 1841 4085 salutis
1884 4037 2217 4087 discrimine.’
2284 4037 2559 4086 Zacharias
2610 4036 2727 4100 Syl-

1661 4113 1772 4161 vius
1790 4113 1845 4160 in
1868 4113 2030 4163 Praef.
2054 4113 2117 4161 ad
2140 4113 2372 4162 Scholsm
2392 4112 2591 4162 Salem.

1724 4192 1822 4238 440
1855 4189 2108 4253 Juvenem]
2140 4189 2509 4254 Hippolytum.
2562 4189 2730 4239 Hunc
