<?xml version="1.0" encoding="UTF-8"?>
<!DOCTYPE html PUBLIC "-//W3C//DTD XHTML 1.0 Transitional//EN"
    "http://www.w3.org/TR/xhtml1/DTD/xhtml1-transitional.dtd">
<html xmlns="http://www.w3.org/1999/xhtml" xml:lang="en" lang="en">
 <head>
  <title>
</title>
<meta http-equiv="Content-Type" content="text/html;charset=utf-8" />
  <meta name='ocr-system' content='tesseract 3.04.00' />
  <meta name='ocr-capabilities' content='ocr_page ocr_carea ocr_par ocr_line ocrx_word'/>
</head>
<body>
  <div class='ocr_page' id='page_1' title='image "./operaomnia01cassgoog/operaomnia01cassgoog_0463.png"; bbox 0 0 3184 4984; ppageno 0'>
   <div class='ocr_carea' id='block_1_1' title="bbox 972 397 2596 468">
    <p class='ocr_par' dir='ltr' id='par_1_1' title="bbox 972 397 2596 468">
     <span class='ocr_line' id='line_1_1' title="bbox 972 397 2596 468; baseline 0.003 -5"><span class='ocrx_word' id='word_1_1' title='bbox 972 413 1270 464; x_wconf 59' lang='lat' dir='ltr'><strong>nsi-‘rus</strong></span> <span class='ocrx_word' id='word_1_2' title='bbox 1313 413 1673 464; x_wconf 71' lang='lat' dir='ltr'><strong>Pansam».</strong></span> <span class='ocrx_word' id='word_1_3' title='bbox 1723 414 1880 464; x_wconf 79' lang='lat' dir='ltr'><strong>mn.-</strong></span> <span class='ocrx_word' id='word_1_4' title='bbox 1920 415 2003 463; x_wconf 82' lang='lat'><strong>11.</strong></span> <span class='ocrx_word' id='word_1_5' title='bbox 2452 397 2596 468; x_wconf 65' lang='lat'><strong>963</strong></span> 
     </span>
    </p>
   </div>
   <div class='ocr_carea' id='block_1_2' title="bbox 392 551 2596 1349">
    <p class='ocr_par' dir='ltr' id='par_1_2' title="bbox 392 551 2589 746">
     <span class='ocr_line' id='line_1_2' title="bbox 394 551 2589 644; baseline 0 -24"><span class='ocrx_word' id='word_1_6' title='bbox 394 555 749 635; x_wconf 81' lang='lat' dir='ltr'><strong>Mulciber,</strong></span> <span class='ocrx_word' id='word_1_7' title='bbox 778 561 842 621; x_wconf 87' lang='lat' dir='ltr'><strong>et</strong></span> <span class='ocrx_word' id='word_1_8' title='bbox 870 557 1169 638; x_wconf 82' lang='lat' dir='ltr'><strong>trepidus</strong></span> <span class='ocrx_word' id='word_1_9' title='bbox 1212 557 1461 642; x_wconf 77' lang='lat' dir='ltr'><strong>dejecit</strong></span> <span class='ocrx_word' id='word_1_10' title='bbox 1488 559 1760 623; x_wconf 80' lang='lat' dir='ltr'><strong>fulmina</strong></span> <span class='ocrx_word' id='word_1_11' title='bbox 1792 559 2132 644; x_wconf 51' lang='lat' dir='ltr'><strong>Cyclops.</strong></span> <span class='ocrx_word' id='word_1_12' title='bbox 2215 593 2221 598; x_wconf 94' lang='lat'><em>·</em></span> <span class='ocrx_word' id='word_1_13' title='bbox 2459 551 2589 622; x_wconf 74' lang='lat'><strong>175</strong></span> 
     </span>
     <span class='ocr_line' id='line_1_3' title="bbox 392 658 1938 746; baseline 0.002 -23"><span class='ocrx_word' id='word_1_14' title='bbox 392 658 651 740; x_wconf 68' lang='lat' dir='ltr'><strong>Audiit,</strong></span> <span class='ocrx_word' id='word_1_15' title='bbox 686 666 751 724; x_wconf 86' lang='lat' dir='ltr'><strong>et</strong></span> <span class='ocrx_word' id='word_1_16' title='bbox 782 661 839 722; x_wconf 90' lang='lat' dir='ltr'><strong>si</strong></span> <span class='ocrx_word' id='word_1_17' title='bbox 871 679 1063 742; x_wconf 90' lang='lat' dir='ltr'><strong>quem</strong></span> <span class='ocrx_word' id='word_1_18' title='bbox 1092 660 1339 746; x_wconf 82' lang='lat' dir='ltr'><strong>glacies</strong></span> <span class='ocrx_word' id='word_1_19' title='bbox 1374 660 1628 744; x_wconf 85' lang='lat' dir='ltr'><strong>Alpina</strong></span> <span class='ocrx_word' id='word_1_20' title='bbox 1656 662 1938 740; x_wconf 80' lang='lat' dir='ltr'><strong>coe‘reet,</strong></span> 
     </span>
    </p>

    <p class='ocr_par' dir='ltr' id='par_1_3' title="bbox 394 759 1988 845">
     <span class='ocr_line' id='line_1_4' title="bbox 394 759 1988 845; baseline 0.003 -23"><span class='ocrx_word' id='word_1_21' title='bbox 394 759 483 834; x_wconf 79' lang='lat' dir='ltr'><strong>Et</strong></span> <span class='ocrx_word' id='word_1_22' title='bbox 506 761 629 842; x_wconf 89' lang='lat' dir='ltr'><strong>qui</strong></span> <span class='ocrx_word' id='word_1_23' title='bbox 660 769 741 836; x_wconf 78' lang='lat' dir='ltr'><strong>le,</strong></span> <span class='ocrx_word' id='word_1_24' title='bbox 769 760 991 822; x_wconf 60' lang='lat' dir='ltr'><strong>Latiis&gt;</strong></span> <span class='ocrx_word' id='word_1_25' title='bbox 1011 761 1304 824; x_wconf 81' lang='lat' dir='ltr'><strong>nondum</strong></span> <span class='ocrx_word' id='word_1_26' title='bbox 1336 765 1696 844; x_wconf 82' lang='lat' dir='ltr'><strong>praecincte</strong></span> <span class='ocrx_word' id='word_1_27' title='bbox 1719 766 1988 845; x_wconf 82' lang='lat' dir='ltr'><strong>tropaeis</strong></span> 
     </span>
    </p>

    <p class='ocr_par' dir='ltr' id='par_1_4' title="bbox 392 860 2243 947">
     <span class='ocr_line' id='line_1_5' title="bbox 392 860 2243 947; baseline 0.004 -25"><span class='ocrx_word' id='word_1_28' title='bbox 392 860 622 944; x_wconf 85' lang='lat' dir='ltr'><strong>Tybri,</strong></span> <span class='ocrx_word' id='word_1_29' title='bbox 655 867 858 936; x_wconf 85' lang='lat' dir='ltr'><strong>natet,</strong></span> <span class='ocrx_word' id='word_1_30' title='bbox 890 862 1295 944; x_wconf 84' lang='lat' dir='ltr'><strong>missamque</strong></span> <span class='ocrx_word' id='word_1_31' title='bbox 1325 863 1516 926; x_wconf 87' lang='lat' dir='ltr'><strong>Pado</strong></span> <span class='ocrx_word' id='word_1_32' title='bbox 1546 865 1660 946; x_wconf 87' lang='lat' dir='ltr'><strong>qui</strong></span> <span class='ocrx_word' id='word_1_33' title='bbox 1701 867 1973 947; x_wconf 80' lang='lat' dir='ltr'><strong>remigat</strong></span> <span class='ocrx_word' id='word_1_34' title='bbox 2001 865 2243 930; x_wconf 87' lang='lat' dir='ltr'><strong>alnum.</strong></span> 
     </span>
    </p>

    <p class='ocr_par' dir='ltr' id='par_1_5' title="bbox 396 961 2058 1047">
     <span class='ocr_line' id='line_1_6' title="bbox 396 961 2058 1047; baseline 0.003 -22"><span class='ocrx_word' id='word_1_35' title='bbox 396 961 536 1038; x_wconf 85' lang='lat' dir='ltr'><strong>Sic,</strong></span> <span class='ocrx_word' id='word_1_36' title='bbox 568 982 717 1025; x_wconf 88' lang='lat' dir='ltr'><strong>eum</strong></span> <span class='ocrx_word' id='word_1_37' title='bbox 745 962 1165 1026; x_wconf 85' lang='lat' dir='ltr'><strong>Thessaliam</strong></span> <span class='ocrx_word' id='word_1_38' title='bbox 1194 965 1491 1047; x_wconf 84' lang='lat' dir='ltr'><strong>seopulis</strong></span> <span class='ocrx_word' id='word_1_39' title='bbox 1520 966 1782 1030; x_wconf 85' lang='lat' dir='ltr'><strong>inclusa</strong></span> <span class='ocrx_word' id='word_1_40' title='bbox 1810 972 2058 1031; x_wconf 82' lang='lat' dir='ltr'><strong>teneret</strong></span> 
     </span>
    </p>

    <p class='ocr_par' dir='ltr' id='par_1_6' title="bbox 394 1063 2596 1252">
     <span class='ocr_line' id='line_1_7' title="bbox 396 1063 2596 1150; baseline 0.003 -24"><span class='ocrx_word' id='word_1_41' title='bbox 396 1063 621 1127; x_wconf 88' lang='lat' dir='ltr'><strong>Peneo</strong></span> <span class='ocrx_word' id='word_1_42' title='bbox 652 1069 997 1146; x_wconf 84' lang='lat' dir='ltr'><strong>stagnante</strong></span> <span class='ocrx_word' id='word_1_43' title='bbox 1024 1066 1245 1148; x_wconf 75' lang='lat' dir='ltr'><strong>paluS,</strong></span> <span class='ocrx_word' id='word_1_44' title='bbox 1276 1073 1341 1131; x_wconf 88' lang='lat' dir='ltr'><strong>et</strong></span> <span class='ocrx_word' id='word_1_45' title='bbox 1368 1087 1596 1131; x_wconf 87' lang='lat' dir='ltr'><strong>mersa</strong></span> <span class='ocrx_word' id='word_1_46' title='bbox 1633 1075 1949 1150; x_wconf 85' lang='lat' dir='ltr'><strong>negarent</strong></span> <span class='ocrx_word' id='word_1_47' title='bbox 2471 1069 2596 1134; x_wconf 82' lang='lat'><strong>180</strong></span> 
     </span>
     <span class='ocr_line' id='line_1_8' title="bbox 394 1163 1994 1252; baseline 0.005 -26"><span class='ocrx_word' id='word_1_48' title='bbox 394 1163 580 1228; x_wconf 85' lang='lat' dir='ltr'><strong>Arva</strong></span> <span class='ocrx_word' id='word_1_49' title='bbox 611 1166 765 1244; x_wconf 90' lang='lat' dir='ltr'><strong>coli,</strong></span> <span class='ocrx_word' id='word_1_50' title='bbox 794 1166 1014 1230; x_wconf 87' lang='lat' dir='ltr'><strong>trifida</strong></span> <span class='ocrx_word' id='word_1_51' title='bbox 1042 1165 1397 1249; x_wconf 86' lang='lat' dir='ltr'><strong>Neptunus</strong></span> <span class='ocrx_word' id='word_1_52' title='bbox 1436 1169 1712 1252; x_wconf 85' lang='lat' dir='ltr'><strong>cuspide</strong></span> <span class='ocrx_word' id='word_1_53' title='bbox 1739 1175 1994 1234; x_wconf 87' lang='lat' dir='ltr'><strong>montes</strong></span> 
     </span>
    </p>

    <p class='ocr_par' dir='ltr' id='par_1_7' title="bbox 398 1264 1913 1349">
     <span class='ocr_line' id='line_1_9' title="bbox 398 1264 1913 1349; baseline 0.005 -21"><span class='ocrx_word' id='word_1_54' title='bbox 398 1264 681 1349; x_wconf 88' lang='lat' dir='ltr'><strong>Impulit</strong></span> <span class='ocrx_word' id='word_1_55' title='bbox 710 1268 1069 1334; x_wconf 82' lang='lat' dir='ltr'><strong>adversos:</strong></span> <span class='ocrx_word' id='word_1_56' title='bbox 1115 1277 1262 1333; x_wconf 90' lang='lat' dir='ltr'><strong>tum</strong></span> <span class='ocrx_word' id='word_1_57' title='bbox 1290 1269 1444 1334; x_wconf 88' lang='lat' dir='ltr'><strong>forti</strong></span> <span class='ocrx_word' id='word_1_58' title='bbox 1472 1271 1746 1334; x_wconf 89' lang='lat' dir='ltr'><strong>saueius</strong></span> <span class='ocrx_word' id='word_1_59' title='bbox 1774 1273 1913 1336; x_wconf 86' lang='lat' dir='ltr'><strong>ictu</strong></span> 
     </span>
    </p>
   </div>
   <div class='ocr_carea' id='block_1_3' title="bbox 400 1443 2608 1774">
    <p class='ocr_par' dir='ltr' id='par_1_8' title="bbox 400 1443 2608 1774">
     <span class='ocr_line' id='line_1_10' title="bbox 400 1443 2600 1514; baseline -0 -18"><span class='ocrx_word' id='word_1_60' title='bbox 400 1443 745 1510; x_wconf 67' lang='lat' dir='ltr'><strong>obstupefactus</strong></span> <span class='ocrx_word' id='word_1_61' title='bbox 766 1455 855 1511; x_wconf 81' lang='lat' dir='ltr'><strong>est,</strong></span> <span class='ocrx_word' id='word_1_62' title='bbox 875 1450 1057 1498; x_wconf 78' lang='lat' dir='ltr'><strong>camino</strong></span> <span class='ocrx_word' id='word_1_63' title='bbox 1080 1451 1261 1498; x_wconf 76' lang='lat' dir='ltr'><strong>deserto</strong></span> <span class='ocrx_word' id='word_1_64' title='bbox 1276 1465 1296 1506; x_wconf 88' lang='lat'><em>;</em></span> <span class='ocrx_word' id='word_1_65' title='bbox 1328 1450 1598 1514; x_wconf 79' lang='lat' dir='ltr'><strong>et&#39;Cyclops</strong></span> <span class='ocrx_word' id='word_1_66' title='bbox 1631 1450 1826 1500; x_wconf 77' lang='lat' dir='ltr'><strong>timidus</strong></span> <span class='ocrx_word' id='word_1_67' title='bbox 1853 1451 2043 1512; x_wconf 79' lang='lat' dir='ltr'><strong>reliquit</strong></span> <span class='ocrx_word' id='word_1_68' title='bbox 2069 1450 2294 1509; x_wconf 75' lang='lat' dir='ltr'><strong>fulmina.</strong></span> <span class='ocrx_word' id='word_1_69' title='bbox 2359 1449 2532 1500; x_wconf 73' lang='lat' dir='ltr'><strong>Audiit</strong></span> <span class='ocrx_word' id='word_1_70' title='bbox 2553 1450 2600 1495; x_wconf 79' lang='lat' dir='ltr'><strong>et</strong></span> 
     </span>
     <span class='ocr_line' id='line_1_11' title="bbox 400 1509 2604 1579; baseline 0 -20"><span class='ocrx_word' id='word_1_71' title='bbox 400 1509 509 1574; x_wconf 88' lang='lat' dir='ltr'><strong>ille,</strong></span> <span class='ocrx_word' id='word_1_72' title='bbox 532 1513 575 1559; x_wconf 80' lang='lat' dir='ltr'><strong>si</strong></span> <span class='ocrx_word' id='word_1_73' title='bbox 613 1529 747 1576; x_wconf 81' lang='lat' dir='ltr'><strong>quem</strong></span> <span class='ocrx_word' id='word_1_74' title='bbox 780 1515 891 1574; x_wconf 80' lang='lat' dir='ltr'><strong>gelu</strong></span> <span class='ocrx_word' id='word_1_75' title='bbox 924 1513 1119 1576; x_wconf 77' lang='lat' dir='ltr'><strong>Alpium</strong></span> <span class='ocrx_word' id='word_1_76' title='bbox 1154 1514 1329 1562; x_wconf 79' lang='lat' dir='ltr'><strong>retinet</strong></span> <span class='ocrx_word' id='word_1_77' title='bbox 1351 1515 1598 1575; x_wconf 77' lang='lat' dir='ltr'><strong>inclusum,</strong></span> <span class='ocrx_word' id='word_1_78' title='bbox 1625 1520 1671 1562; x_wconf 82' lang='lat' dir='ltr'><strong>et</strong></span> <span class='ocrx_word' id='word_1_79' title='bbox 1693 1515 1838 1578; x_wconf 76' lang='lat' dir='ltr'><strong>quite</strong></span> <span class='ocrx_word' id='word_1_80' title='bbox 1853 1521 2082 1578; x_wconf 73' lang='lat' dir='ltr'><strong>permeat,</strong></span> <span class='ocrx_word' id='word_1_81' title='bbox 2112 1530 2142 1563; x_wconf 92' lang='grc' dir='ltr'>ο</span> <span class='ocrx_word' id='word_1_82' title='bbox 2180 1517 2382 1579; x_wconf 74' lang='lat' dir='ltr'><strong>Tiberis,</strong></span> <span class='ocrx_word' id='word_1_83' title='bbox 2401 1515 2604 1564; x_wconf 73' lang='lat' dir='ltr'><strong>nondum</strong></span> 
     </span>
     <span class='ocr_line' id='line_1_12' title="bbox 402 1577 2604 1642; baseline 0 -18"><span class='ocrx_word' id='word_1_84' title='bbox 402 1581 569 1624; x_wconf 79' lang='lat' dir='ltr'><strong>ornate</strong></span> <span class='ocrx_word' id='word_1_85' title='bbox 591 1577 863 1640; x_wconf 63' lang='lat' dir='ltr'><strong>triumphis*</strong></span> <span class='ocrx_word' id='word_1_86' title='bbox 878 1577 1035 1641; x_wconf 77' lang='lat' dir='ltr'><strong>Italis,</strong></span> <span class='ocrx_word' id='word_1_87' title='bbox 1054 1584 1099 1627; x_wconf 75' lang='lat' dir='ltr'><strong>et</strong></span> <span class='ocrx_word' id='word_1_88' title='bbox 1135 1579 1215 1640; x_wconf 80' lang='lat' dir='ltr'><strong>qui</strong></span> <span class='ocrx_word' id='word_1_89' title='bbox 1237 1579 1378 1630; x_wconf 79' lang='lat' dir='ltr'><strong>remis</strong></span> <span class='ocrx_word' id='word_1_90' title='bbox 1410 1579 1517 1639; x_wconf 78' lang='lat' dir='ltr'><strong>agit</strong></span> <span class='ocrx_word' id='word_1_91' title='bbox 1536 1579 1751 1642; x_wconf 73' lang='lat' dir='ltr'><strong>cymbam</strong></span> <span class='ocrx_word' id='word_1_92' title='bbox 1783 1580 2036 1628; x_wconf 76' lang='lat' dir='ltr'><strong>immissam</strong></span> <span class='ocrx_word' id='word_1_93' title='bbox 2067 1582 2120 1630; x_wconf 89' lang='lat' dir='ltr'><strong>in</strong></span> <span class='ocrx_word' id='word_1_94' title='bbox 2161 1581 2439 1629; x_wconf 74' lang='lat' dir='ltr'><strong>Eridanum.</strong></span> <span class='ocrx_word' id='word_1_95' title='bbox 2502 1577 2604 1633; x_wconf 80' lang='lat' dir='ltr'><strong>Ita,</strong></span> 
     </span>
     <span class='ocr_line' id='line_1_13' title="bbox 405 1640 2605 1708; baseline 0 -20"><span class='ocrx_word' id='word_1_96' title='bbox 405 1655 510 1688; x_wconf 79' lang='lat' dir='ltr'><strong>cum</strong></span> <span class='ocrx_word' id='word_1_97' title='bbox 541 1655 663 1704; x_wconf 76' lang='lat' dir='ltr'><strong>aqua</strong></span> <span class='ocrx_word' id='word_1_98' title='bbox 700 1643 854 1702; x_wconf 74' lang='lat' dir='ltr'><strong>cincta</strong></span> <span class='ocrx_word' id='word_1_99' title='bbox 886 1643 1035 1706; x_wconf 74' lang='lat' dir='ltr'><strong>saxis,</strong></span> <span class='ocrx_word' id='word_1_100' title='bbox 1101 1643 1255 1692; x_wconf 77' lang='lat' dir='ltr'><strong>Peneo</strong></span> <span class='ocrx_word' id='word_1_101' title='bbox 1298 1645 1581 1706; x_wconf 72' lang='lat' dir='ltr'><strong>exundante,</strong></span> <span class='ocrx_word' id='word_1_102' title='bbox 1621 1649 1803 1705; x_wconf 75' lang='lat' dir='ltr'><strong>tegeret</strong></span> <span class='ocrx_word' id='word_1_103' title='bbox 1837 1644 2138 1708; x_wconf 73' lang='lat' dir='ltr'><strong>Thessaliam,</strong></span> <span class='ocrx_word' id='word_1_104' title='bbox 2179 1650 2227 1693; x_wconf 77' lang='lat' dir='ltr'><strong>et</strong></span> <span class='ocrx_word' id='word_1_105' title='bbox 2258 1645 2368 1706; x_wconf 79' lang='lat' dir='ltr'><strong>agri</strong></span> <span class='ocrx_word' id='word_1_106' title='bbox 2398 1640 2605 1692; x_wconf 73' lang='lat' dir='ltr'><strong>immersi</strong></span> 
     </span>
     <span class='ocr_line' id='line_1_14' title="bbox 404 1706 2608 1774; baseline -0.001 -20"><span class='ocrx_word' id='word_1_107' title='bbox 404 1719 495 1754; x_wconf 73' lang='lat' dir='ltr'><strong>non</strong></span> <span class='ocrx_word' id='word_1_108' title='bbox 512 1711 697 1768; x_wconf 73' lang='lat' dir='ltr'><strong>possent</strong></span> <span class='ocrx_word' id='word_1_109' title='bbox 714 1706 862 1770; x_wconf 82' lang='lat' dir='ltr'><strong>arari,</strong></span> <span class='ocrx_word' id='word_1_110' title='bbox 885 1708 1136 1771; x_wconf 71' lang='lat' dir='ltr'><strong>Neptunus</strong></span> <span class='ocrx_word' id='word_1_111' title='bbox 1168 1708 1373 1770; x_wconf 72' lang='lat' dir='ltr'><strong>percutit</strong></span> <span class='ocrx_word' id='word_1_112' title='bbox 1412 1708 1549 1757; x_wconf 71' lang='lat' dir='ltr'><strong>hasta</strong></span> <span class='ocrx_word' id='word_1_113' title='bbox 1580 1708 1837 1771; x_wconf 75' lang='lat' dir='ltr'><strong>tricuspide</strong></span> <span class='ocrx_word' id='word_1_114' title='bbox 1874 1724 2012 1772; x_wconf 77' lang='lat' dir='ltr'><strong>rupes</strong></span> <span class='ocrx_word' id='word_1_115' title='bbox 2046 1709 2310 1774; x_wconf 81' lang='lat' dir='ltr'><strong>oppositas..-</strong></span> <span class='ocrx_word' id='word_1_116' title='bbox 2341 1714 2442 1758; x_wconf 78' lang='lat' dir='ltr'><strong>tum</strong></span> <span class='ocrx_word' id='word_1_117' title='bbox 2471 1720 2608 1755; x_wconf 74' lang='lat' dir='ltr'><strong>cacu-</strong></span> 
     </span>
    </p>
   </div>
   <div class='ocr_carea' id='block_1_4' title="bbox 1330 1850 1683 1870">
    <p class='ocr_par' dir='ltr' id='par_1_9' title="bbox 1330 1850 1683 1870">
     <span class='ocr_line' id='line_1_15' title="bbox 1330 1850 1683 1870; baseline 0 0"><span class='ocrx_word' id='word_1_118' title='bbox 1330 1850 1683 1870; x_wconf 58' lang='lat' dir='ltr'><strong>OOOOOOOO‘OOO</strong></span> 
     </span>
    </p>
   </div>
   <div class='ocr_carea' id='block_1_5' title="bbox 408 1943 2683 2784">
    <p class='ocr_par' dir='ltr' id='par_1_10' title="bbox 408 1943 2683 2784">
     <span class='ocr_line' id='line_1_16' title="bbox 408 1943 2609 2012; baseline 0 -16"><span class='ocrx_word' id='word_1_119' title='bbox 408 1943 623 2010; x_wconf 74' lang='lat' dir='ltr'><strong>Lyparis.</strong></span> <span class='ocrx_word' id='word_1_120' title='bbox 638 1949 788 1998; x_wconf 81' lang='lat' dir='ltr'><strong>Voss.</strong></span> <span class='ocrx_word' id='word_1_121' title='bbox 808 1953 1073 1999; x_wconf 62' lang='lat' dir='ltr'><strong>sem—1⁷5</strong></span> <span class='ocrx_word' id='word_1_122' title='bbox 1109 1948 1338 2009; x_wconf 74' lang='lat' dir='ltr'><strong>Mulcifer</strong></span> <span class='ocrx_word' id='word_1_123' title='bbox 1359 1949 1478 1996; x_wconf 86' lang='lat' dir='ltr'><strong>Vat.</strong></span> <span class='ocrx_word' id='word_1_124' title='bbox 1502 1948 1668 2011; x_wconf 91' lang='lat' dir='ltr'><strong>quint.</strong></span> <span class='ocrx_word' id='word_1_125' title='bbox 1687 1948 1820 2011; x_wconf 76' lang='lat' dir='ltr'><strong>Reg.</strong></span> <span class='ocrx_word' id='word_1_126' title='bbox 1846 1949 2015 1998; x_wconf 79' lang='lat' dir='ltr'><strong>Oxou.</strong></span> <span class='ocrx_word' id='word_1_127' title='bbox 2039 1963 2119 2012; x_wconf 84' lang='lat' dir='ltr'><strong>pr.</strong></span> <span class='ocrx_word' id='word_1_128' title='bbox 2173 1947 2350 1998; x_wconf 72' lang='lat' dir='ltr'><strong>tumim:</strong></span> <span class='ocrx_word' id='word_1_129' title='bbox 2368 1949 2494 1996; x_wconf 84' lang='lat' dir='ltr'><strong>Vat.</strong></span> <span class='ocrx_word' id='word_1_130' title='bbox 2531 1961 2609 2012; x_wconf 84' lang='lat' dir='ltr'><strong>pr.</strong></span> 
     </span>
     <span class='ocr_line' id='line_1_17' title="bbox 408 2009 2616 2077; baseline 0 -18"><span class='ocrx_word' id='word_1_131' title='bbox 408 2009 591 2060; x_wconf 87' lang='lat' dir='ltr'><strong>Ambr.</strong></span> <span class='ocrx_word' id='word_1_132' title='bbox 614 2018 740 2062; x_wconf 84' lang='lat' dir='ltr'><strong>tert.</strong></span> <span class='ocrx_word' id='word_1_133' title='bbox 759 2013 969 2077; x_wconf 71' lang='lat' dir='ltr'><strong>flumina</strong></span> <span class='ocrx_word' id='word_1_134' title='bbox 993 2013 1225 2064; x_wconf 84' lang='lat' dir='ltr'><strong>Florent.</strong></span> <span class='ocrx_word' id='word_1_135' title='bbox 1242 2014 1472 2062; x_wconf 83' lang='lat' dir='ltr'><strong>chartac.</strong></span> <span class='ocrx_word' id='word_1_136' title='bbox 1497 2013 1847 2064; x_wconf 57' lang='lat' dir='ltr'><strong>Heium—176</strong></span> <span class='ocrx_word' id='word_1_137' title='bbox 1877 2013 1921 2061; x_wconf 78' lang='lat' dir='ltr'><strong>si</strong></span> <span class='ocrx_word' id='word_1_138' title='bbox 1941 2028 2080 2076; x_wconf 75' lang='lat' dir='ltr'><strong>quam</strong></span> <span class='ocrx_word' id='word_1_139' title='bbox 2099 2011 2280 2062; x_wconf 85' lang='lat' dir='ltr'><strong>Ambr.</strong></span> <span class='ocrx_word' id='word_1_140' title='bbox 2303 2017 2430 2061; x_wconf 88' lang='lat' dir='ltr'><strong>tert.</strong></span> <span class='ocrx_word' id='word_1_141' title='bbox 2481 2013 2616 2074; x_wconf 74' lang='lat' dir='ltr'><strong>glan·</strong></span> 
     </span>
     <span class='ocr_line' id='line_1_18' title="bbox 408 2075 2612 2143; baseline 0 -19"><span class='ocrx_word' id='word_1_142' title='bbox 408 2077 491 2124; x_wconf 80' lang='lat' dir='ltr'><strong>des</strong></span> <span class='ocrx_word' id='word_1_143' title='bbox 509 2075 688 2140; x_wconf 75' lang='lat' dir='ltr'><strong>Alpina</strong></span> <span class='ocrx_word' id='word_1_144' title='bbox 708 2078 835 2127; x_wconf 89' lang='lat' dir='ltr'><strong>Vat.</strong></span> <span class='ocrx_word' id='word_1_145' title='bbox 856 2079 1185 2143; x_wconf 52' lang='lat' dir='ltr'><strong>quium—1⁷⁷</strong></span> <span class='ocrx_word' id='word_1_146' title='bbox 1220 2077 1379 2126; x_wconf 79' lang='lat' dir='ltr'><strong>Latiis</strong></span> <span class='ocrx_word' id='word_1_147' title='bbox 1398 2078 1520 2128; x_wconf 82' lang='lat' dir='ltr'><strong>Jun.</strong></span> <span class='ocrx_word' id='word_1_148' title='bbox 1550 2092 1656 2126; x_wconf 82' lang='lat' dir='ltr'><strong>see.</strong></span> <span class='ocrx_word' id='word_1_149' title='bbox 1692 2078 1820 2128; x_wconf 88' lang='lat' dir='ltr'><strong>Cod.</strong></span> <span class='ocrx_word' id='word_1_150' title='bbox 1856 2077 2142 2127; x_wconf 86' lang='lat' dir='ltr'><strong>Bartholin.</strong></span> <span class='ocrx_word' id='word_1_151' title='bbox 2162 2076 2366 2126; x_wconf 76' lang='lat' dir='ltr'><strong>Tholas.</strong></span> <span class='ocrx_word' id='word_1_152' title='bbox 2386 2084 2442 2127; x_wconf 90' lang='lat' dir='ltr'><strong>et</strong></span> <span class='ocrx_word' id='word_1_153' title='bbox 2463 2077 2612 2126; x_wconf 81' lang='lat' dir='ltr'><strong>Voss.</strong></span> 
     </span>
     <span class='ocr_line' id='line_1_19' title="bbox 410 2141 2616 2206; baseline 0 -18"><span class='ocrx_word' id='word_1_154' title='bbox 410 2155 489 2203; x_wconf 87' lang='lat' dir='ltr'><strong>pr.</strong></span> <span class='ocrx_word' id='word_1_155' title='bbox 522 2153 587 2189; x_wconf 84' lang='lat' dir='ltr'><strong>ex</strong></span> <span class='ocrx_word' id='word_1_156' title='bbox 610 2142 926 2205; x_wconf 86' lang='lat' dir='ltr'><strong>conjectura.</strong></span> <span class='ocrx_word' id='word_1_157' title='bbox 976 2141 1139 2192; x_wconf 76' lang='lat' dir='ltr'><strong>Laciis</strong></span> <span class='ocrx_word' id='word_1_158' title='bbox 1171 2143 1295 2193; x_wconf 86' lang='lat' dir='ltr'><strong>Jun.</strong></span> <span class='ocrx_word' id='word_1_159' title='bbox 1334 2156 1411 2206; x_wconf 83' lang='lat' dir='ltr'><strong>pr.</strong></span> <span class='ocrx_word' id='word_1_160' title='bbox 1460 2141 1574 2190; x_wconf 80' lang='lat' dir='ltr'><strong>latis</strong></span> <span class='ocrx_word' id='word_1_161' title='bbox 1593 2155 1768 2190; x_wconf 85' lang='lat' dir='ltr'><strong>omnes</strong></span> <span class='ocrx_word' id='word_1_162' title='bbox 1799 2143 1942 2191; x_wconf 77' lang='lat' dir='ltr'><strong>Vatt.</strong></span> <span class='ocrx_word' id='word_1_163' title='bbox 1975 2141 2090 2192; x_wconf 83' lang='lat' dir='ltr'><strong>Pal.</strong></span> <span class='ocrx_word' id='word_1_164' title='bbox 2147 2141 2309 2191; x_wconf 74' lang='lat' dir='ltr'><strong>mundi</strong></span> <span class='ocrx_word' id='word_1_165' title='bbox 2323 2156 2402 2206; x_wconf 79' lang='lat' dir='ltr'><strong>pr.</strong></span> <span class='ocrx_word' id='word_1_166' title='bbox 2426 2141 2616 2204; x_wconf 77' lang='lat' dir='ltr'><strong>tropoeis</strong></span> 
     </span>
     <span class='ocr_line' id='line_1_20' title="bbox 408 2205 2616 2272; baseline -0.001 -17"><span class='ocrx_word' id='word_1_167' title='bbox 408 2205 533 2255; x_wconf 86' lang='lat' dir='ltr'><strong>Jun.</strong></span> <span class='ocrx_word' id='word_1_168' title='bbox 554 2210 818 2256; x_wconf 48' lang='lat' dir='ltr'><strong>eece—4⁸78</strong></span> <span class='ocrx_word' id='word_1_169' title='bbox 850 2212 965 2256; x_wconf 79' lang='lat' dir='ltr'><strong>nata</strong></span> <span class='ocrx_word' id='word_1_170' title='bbox 1002 2207 1198 2257; x_wconf 75' lang='lat' dir='ltr'><strong>Mox-et.</strong></span> <span class='ocrx_word' id='word_1_171' title='bbox 1242 2221 1322 2269; x_wconf 83' lang='lat' dir='ltr'><strong>pr.</strong></span> <span class='ocrx_word' id='word_1_172' title='bbox 1376 2211 1547 2254; x_wconf 78' lang='lat' dir='ltr'><strong>natant</strong></span> <span class='ocrx_word' id='word_1_173' title='bbox 1589 2207 1718 2255; x_wconf 87' lang='lat' dir='ltr'><strong>Cod.</strong></span> <span class='ocrx_word' id='word_1_174' title='bbox 1757 2207 2044 2256; x_wconf 84' lang='lat' dir='ltr'><strong>Bartholin.</strong></span> <span class='ocrx_word' id='word_1_175' title='bbox 2073 2208 2202 2256; x_wconf 82' lang='lat' dir='ltr'><strong>Exc.</strong></span> <span class='ocrx_word' id='word_1_176' title='bbox 2233 2205 2419 2255; x_wconf 83' lang='lat' dir='ltr'><strong>Petav.</strong></span> <span class='ocrx_word' id='word_1_177' title='bbox 2445 2212 2616 2272; x_wconf 79' lang='lat' dir='ltr'><strong>quart.</strong></span> 
     </span>
     <span class='ocr_line' id='line_1_21' title="bbox 409 2268 2616 2335; baseline 0 -17"><span class='ocrx_word' id='word_1_178' title='bbox 409 2268 659 2318; x_wconf 75' lang='lat' dir='ltr'><strong>Heinsius</strong></span> <span class='ocrx_word' id='word_1_179' title='bbox 684 2271 996 2334; x_wconf 78' lang='lat' dir='ltr'><strong>ascripserat</strong></span> <span class='ocrx_word' id='word_1_180' title='bbox 1024 2272 1158 2321; x_wconf 82' lang='lat' dir='ltr'><strong>Stat.</strong></span> <span class='ocrx_word' id='word_1_181' title='bbox 1180 2285 1233 2320; x_wconf 83' lang='lat' dir='ltr'><strong>x.</strong></span> <span class='ocrx_word' id='word_1_182' title='bbox 1254 2269 1414 2319; x_wconf 82' lang='lat' dir='ltr'><strong>Theb.</strong></span> <span class='ocrx_word' id='word_1_183' title='bbox 1437 2274 1549 2320; x_wconf 77' lang='lat'><strong>492.</strong></span> <span class='ocrx_word' id='word_1_184' title='bbox 1584 2271 1600 2297; x_wconf 89' lang='lat'>‘</span> <span class='ocrx_word' id='word_1_185' title='bbox 1626 2269 1881 2335; x_wconf 83' lang='lat' dir='ltr'><strong>rigidique</strong></span> <span class='ocrx_word' id='word_1_186' title='bbox 1903 2278 2112 2320; x_wconf 82' lang='lat' dir='ltr'><strong>natator</strong></span> <span class='ocrx_word' id='word_1_187' title='bbox 2131 2271 2346 2320; x_wconf 87' lang='lat' dir='ltr'><strong>OEbalus</strong></span> <span class='ocrx_word' id='word_1_188' title='bbox 2367 2268 2616 2320; x_wconf 64' lang='lat' dir='ltr'><strong>Eurotae?</strong></span> 
     </span>
     <span class='ocr_line' id='line_1_22' title="bbox 413 2331 2666 2399; baseline 0 -17"><span class='ocrx_word' id='word_1_189' title='bbox 413 2340 471 2382; x_wconf 83' lang='lat' dir='ltr'><strong>et</strong></span> <span class='ocrx_word' id='word_1_190' title='bbox 493 2331 685 2382; x_wconf 83' lang='lat' dir='ltr'><strong>Achill.</strong></span> <span class='ocrx_word' id='word_1_191' title='bbox 707 2349 795 2384; x_wconf 83' lang='grc' dir='ltr'><strong>ιιι.</strong></span> <span class='ocrx_word' id='word_1_192' title='bbox 815 2339 931 2384; x_wconf 74' lang='grc'><strong>232.</strong></span> <span class='ocrx_word' id='word_1_193' title='bbox 956 2337 972 2363; x_wconf 87' lang='lat'>‘</span> <span class='ocrx_word' id='word_1_194' title='bbox 996 2336 1255 2399; x_wconf 56' lang='lat' dir='ltr'><strong>quaerisne</strong></span> <span class='ocrx_word' id='word_1_195' title='bbox 1276 2349 1415 2383; x_wconf 83' lang='lat' dir='ltr'><strong>meos</strong></span> <span class='ocrx_word' id='word_1_196' title='bbox 1445 2335 1729 2396; x_wconf 83' lang='lat' dir='ltr'><strong>Spherchie</strong></span> <span class='ocrx_word' id='word_1_197' title='bbox 1751 2335 1990 2386; x_wconf 61' lang='lat' dir='ltr'><strong>natatus!</strong></span> <span class='ocrx_word' id='word_1_198' title='bbox 2027 2335 2114 2385; x_wconf 86' lang='lat' dir='ltr'><strong>nbi</strong></span> <span class='ocrx_word' id='word_1_199' title='bbox 2144 2337 2198 2384; x_wconf 88' lang='lat' dir='ltr'><strong>in</strong></span> <span class='ocrx_word' id='word_1_200' title='bbox 2231 2335 2356 2384; x_wconf 79' lang='lat' dir='ltr'><strong>Mss.</strong></span> <span class='ocrx_word' id='word_1_201' title='bbox 2379 2341 2461 2384; x_wconf 82' lang='lat' dir='ltr'><strong>est</strong></span> <span class='ocrx_word' id='word_1_202' title='bbox 2491 2347 2618 2382; x_wconf 79' lang='lat' dir='ltr'><strong>mea·</strong></span> <span class='ocrx_word' id='word_1_203' title='bbox 2659 2345 2666 2352; x_wconf 86' lang='lat'>·</span> 
     </span>
     <span class='ocr_line' id='line_1_23' title="bbox 410 2398 2683 2463; baseline -0 -17"><span class='ocrx_word' id='word_1_204' title='bbox 410 2401 505 2446; x_wconf 68' lang='lat' dir='ltr'><strong>tus.</strong></span> <span class='ocrx_word' id='word_1_205' title='bbox 527 2398 757 2460; x_wconf 70' lang='lat' dir='ltr'><strong>missaque</strong></span> <span class='ocrx_word' id='word_1_206' title='bbox 782 2400 917 2446; x_wconf 76' lang='lat' dir='ltr'><strong>Pado</strong></span> <span class='ocrx_word' id='word_1_207' title='bbox 936 2415 985 2461; x_wconf 76' lang='lat' dir='ltr'><strong>q.</strong></span> <span class='ocrx_word' id='word_1_208' title='bbox 1003 2414 1120 2448; x_wconf 83' lang='lat' dir='ltr'><strong>rem.</strong></span> <span class='ocrx_word' id='word_1_209' title='bbox 1142 2401 1249 2448; x_wconf 75' lang='lat' dir='ltr'><strong>alno</strong></span> <span class='ocrx_word' id='word_1_210' title='bbox 1272 2399 1373 2447; x_wconf 85' lang='lat' dir='ltr'><strong>ine.</strong></span> <span class='ocrx_word' id='word_1_211' title='bbox 1397 2398 1582 2446; x_wconf 83' lang='lat' dir='ltr'><strong>Heius.</strong></span> <span class='ocrx_word' id='word_1_212' title='bbox 1599 2399 1724 2447; x_wconf 82' lang='lat' dir='ltr'><strong>Var.</strong></span> <span class='ocrx_word' id='word_1_213' title='bbox 1746 2399 1850 2448; x_wconf 86' lang='lat' dir='ltr'><strong>LL.</strong></span> <span class='ocrx_word' id='word_1_214' title='bbox 1874 2415 1906 2448; x_wconf 80' lang='lat' dir='ltr'><strong>e</strong></span> <span class='ocrx_word' id='word_1_215' title='bbox 1923 2413 2078 2463; x_wconf 77' lang='lat' dir='ltr'><strong>marg.</strong></span> <span class='ocrx_word' id='word_1_216' title='bbox 2097 2401 2274 2452; x_wconf 85' lang='lat' dir='ltr'><strong>Parm.</strong></span> <span class='ocrx_word' id='word_1_217' title='bbox 2305 2400 2501 2461; x_wconf 75' lang='lat' dir='ltr'><strong>navigat</strong></span> <span class='ocrx_word' id='word_1_218' title='bbox 2519 2402 2617 2461; x_wconf 82' lang='lat' dir='ltr'><strong>pro</strong></span> <span class='ocrx_word' id='word_1_219' title='bbox 2674 2415 2683 2422; x_wconf 89' lang='lat'><strong>·</strong></span> 
     </span>
     <span class='ocr_line' id='line_1_24' title="bbox 412 2461 2620 2528; baseline 0.001 -20"><span class='ocrx_word' id='word_1_220' title='bbox 412 2461 617 2522; x_wconf 79' lang='lat' dir='ltr'><strong>remigat</strong></span> <span class='ocrx_word' id='word_1_221' title='bbox 638 2463 768 2512; x_wconf 87' lang='lat' dir='ltr'><strong>Exc.</strong></span> <span class='ocrx_word' id='word_1_222' title='bbox 787 2463 979 2511; x_wconf 82' lang='lat' dir='ltr'><strong>Petav.</strong></span> <span class='ocrx_word' id='word_1_223' title='bbox 1002 2467 1340 2526; x_wconf 77' lang='lat' dir='ltr'><strong>quart.——1⁷9</strong></span> <span class='ocrx_word' id='word_1_224' title='bbox 1372 2463 1654 2524; x_wconf 70' lang='lat' dir='ltr'><strong>scopulosam</strong></span> <span class='ocrx_word' id='word_1_225' title='bbox 1693 2463 1873 2511; x_wconf 73' lang='lat' dir='ltr'><strong>inclusa</strong></span> <span class='ocrx_word' id='word_1_226' title='bbox 1909 2465 2038 2512; x_wconf 65' lang='lat' dir='ltr'><strong>vat:</strong></span> <span class='ocrx_word' id='word_1_227' title='bbox 2065 2478 2170 2514; x_wconf 85' lang='lat' dir='ltr'><strong>sec.</strong></span> <span class='ocrx_word' id='word_1_228' title='bbox 2213 2465 2301 2528; x_wconf 87' lang='lat' dir='ltr'><strong>qui</strong></span> <span class='ocrx_word' id='word_1_229' title='bbox 2340 2471 2396 2514; x_wconf 85' lang='lat' dir='ltr'><strong>et</strong></span> <span class='ocrx_word' id='word_1_230' title='bbox 2431 2467 2620 2512; x_wconf 67' lang='lat' dir='ltr'><strong>tenetur</strong></span> 
     </span>
     <span class='ocr_line' id='line_1_25' title="bbox 412 2526 2618 2590; baseline 0.002 -17"><span class='ocrx_word' id='word_1_231' title='bbox 412 2539 508 2588; x_wconf 90' lang='lat' dir='ltr'><strong>pro</strong></span> <span class='ocrx_word' id='word_1_232' title='bbox 532 2531 887 2575; x_wconf 56' lang='lat' dir='ltr'><strong>teneret—180</strong></span> <span class='ocrx_word' id='word_1_233' title='bbox 922 2533 1117 2588; x_wconf 75' lang='lat' dir='ltr'><strong>negaret</strong></span> <span class='ocrx_word' id='word_1_234' title='bbox 1138 2541 1311 2577; x_wconf 81' lang='lat' dir='ltr'><strong>omnes</strong></span> <span class='ocrx_word' id='word_1_235' title='bbox 1337 2526 1481 2574; x_wconf 84' lang='lat' dir='ltr'><strong>Vatt.</strong></span> <span class='ocrx_word' id='word_1_236' title='bbox 1507 2527 1623 2574; x_wconf 89' lang='lat' dir='ltr'><strong>Pal.</strong></span> <span class='ocrx_word' id='word_1_237' title='bbox 1645 2527 1778 2575; x_wconf 88' lang='lat' dir='ltr'><strong>Cod.</strong></span> <span class='ocrx_word' id='word_1_238' title='bbox 1803 2528 2094 2576; x_wconf 71' lang='lat' dir='ltr'><strong>Bai-thulin.</strong></span> <span class='ocrx_word' id='word_1_239' title='bbox 2128 2533 2308 2576; x_wconf 78' lang='lat' dir='ltr'><strong>vetaret</strong></span> <span class='ocrx_word' id='word_1_240' title='bbox 2332 2529 2515 2576; x_wconf 85' lang='lat' dir='ltr'><strong>Petav.</strong></span> <span class='ocrx_word' id='word_1_241' title='bbox 2539 2540 2618 2590; x_wconf 77' lang='lat' dir='ltr'><strong>pr.</strong></span> 
     </span>
     <span class='ocr_line' id='line_1_26' title="bbox 414 2589 2622 2655; baseline 0 -16"><span class='ocrx_word' id='word_1_242' title='bbox 414 2596 644 2650; x_wconf 72' lang='lat' dir='ltr'><strong>mgna-ent</strong></span> <span class='ocrx_word' id='word_1_243' title='bbox 665 2591 767 2640; x_wconf 84' lang='lat' dir='ltr'><strong>inc.</strong></span> <span class='ocrx_word' id='word_1_244' title='bbox 787 2591 973 2640; x_wconf 83' lang='lat' dir='ltr'><strong>Heius.</strong></span> <span class='ocrx_word' id='word_1_245' title='bbox 996 2591 1189 2641; x_wconf 69' lang='lat' dir='ltr'><strong>Mor-et.</strong></span> <span class='ocrx_word' id='word_1_246' title='bbox 1209 2605 1289 2655; x_wconf 87' lang='lat' dir='ltr'><strong>pr.</strong></span> <span class='ocrx_word' id='word_1_247' title='bbox 1313 2589 1482 2639; x_wconf 80' lang='lat' dir='ltr'><strong>Oxou.</strong></span> <span class='ocrx_word' id='word_1_248' title='bbox 1522 2604 1604 2653; x_wconf 87' lang='lat' dir='ltr'><strong>pr.</strong></span> <span class='ocrx_word' id='word_1_249' title='bbox 1639 2592 1768 2654; x_wconf 84' lang='lat' dir='ltr'><strong>Reg.</strong></span> <span class='ocrx_word' id='word_1_250' title='bbox 1803 2606 1872 2641; x_wconf 87' lang='lat' dir='ltr'><strong>m.</strong></span> <span class='ocrx_word' id='word_1_251' title='bbox 1909 2605 1990 2654; x_wconf 85' lang='lat' dir='ltr'><strong>pr.</strong></span> <span class='ocrx_word' id='word_1_252' title='bbox 2016 2590 2195 2640; x_wconf 86' lang='lat' dir='ltr'><strong>Ambr.</strong></span> <span class='ocrx_word' id='word_1_253' title='bbox 2221 2598 2348 2640; x_wconf 83' lang='lat' dir='ltr'><strong>tert.</strong></span> <span class='ocrx_word' id='word_1_254' title='bbox 2366 2594 2494 2641; x_wconf 75' lang='lat' dir='ltr'><strong>Exc.</strong></span> <span class='ocrx_word' id='word_1_255' title='bbox 2517 2590 2622 2639; x_wconf 85' lang='lat' dir='ltr'><strong>Pe-</strong></span> 
     </span>
     <span class='ocr_line' id='line_1_27' title="bbox 417 2655 2620 2718; baseline 0.001 -16"><span class='ocrx_word' id='word_1_256' title='bbox 417 2659 525 2703; x_wconf 74' lang='lat' dir='ltr'><strong>tav,</strong></span> <span class='ocrx_word' id='word_1_257' title='bbox 550 2660 717 2718; x_wconf 83' lang='lat' dir='ltr'><strong>quart.</strong></span> <span class='ocrx_word' id='word_1_258' title='bbox 737 2656 863 2704; x_wconf 84' lang='lat' dir='ltr'><strong>Var.</strong></span> <span class='ocrx_word' id='word_1_259' title='bbox 888 2657 994 2706; x_wconf 83' lang='lat' dir='ltr'><strong>LL.</strong></span> <span class='ocrx_word' id='word_1_260' title='bbox 1033 2669 1063 2703; x_wconf 93' lang='lat' dir='ltr'><strong>e</strong></span> <span class='ocrx_word' id='word_1_261' title='bbox 1102 2670 1262 2718; x_wconf 84' lang='lat' dir='ltr'><strong>marg.</strong></span> <span class='ocrx_word' id='word_1_262' title='bbox 1304 2655 1642 2704; x_wconf 80' lang='lat' dir='ltr'><strong>Parm.—-182</strong></span> <span class='ocrx_word' id='word_1_263' title='bbox 1675 2661 1748 2704; x_wconf 81' lang='lat' dir='ltr'><strong>ter</strong></span> <span class='ocrx_word' id='word_1_264' title='bbox 1773 2655 1900 2716; x_wconf 78' lang='lat' dir='ltr'><strong>sorti</strong></span> <span class='ocrx_word' id='word_1_265' title='bbox 1933 2656 2034 2704; x_wconf 87' lang='lat' dir='ltr'><strong>ine.</strong></span> <span class='ocrx_word' id='word_1_266' title='bbox 2074 2655 2256 2705; x_wconf 82' lang='lat' dir='ltr'><strong>Heius.</strong></span> <span class='ocrx_word' id='word_1_267' title='bbox 2286 2657 2415 2704; x_wconf 85' lang='lat' dir='ltr'><strong>Var.</strong></span> <span class='ocrx_word' id='word_1_268' title='bbox 2455 2655 2558 2705; x_wconf 76' lang='lat' dir='ltr'><strong>LI..</strong></span> <span class='ocrx_word' id='word_1_269' title='bbox 2589 2669 2620 2705; x_wconf 79' lang='lat' dir='ltr'><strong>e</strong></span> 
     </span>
     <span class='ocr_line' id='line_1_28' title="bbox 417 2719 2623 2784; baseline 0.001 -19"><span class='ocrx_word' id='word_1_270' title='bbox 417 2731 578 2781; x_wconf 84' lang='lat' dir='ltr'><strong>marg.</strong></span> <span class='ocrx_word' id='word_1_271' title='bbox 602 2719 774 2768; x_wconf 87' lang='lat' dir='ltr'><strong>Parm.</strong></span> <span class='ocrx_word' id='word_1_272' title='bbox 818 2734 923 2768; x_wconf 76' lang='lat' dir='ltr'><strong>cum</strong></span> <span class='ocrx_word' id='word_1_273' title='bbox 945 2721 1068 2769; x_wconf 85' lang='lat' dir='ltr'><strong>Vat.</strong></span> <span class='ocrx_word' id='word_1_274' title='bbox 1102 2735 1205 2770; x_wconf 84' lang='lat' dir='ltr'><strong>see.</strong></span> <span class='ocrx_word' id='word_1_275' title='bbox 1236 2725 1348 2768; x_wconf 74' lang='lat' dir='ltr'><strong>tunc</strong></span> <span class='ocrx_word' id='word_1_276' title='bbox 1379 2719 1610 2769; x_wconf 77' lang='lat' dir='ltr'><strong>Floreat.</strong></span> <span class='ocrx_word' id='word_1_277' title='bbox 1655 2734 1772 2768; x_wconf 87' lang='lat' dir='ltr'><strong>cum</strong></span> <span class='ocrx_word' id='word_1_278' title='bbox 1805 2720 2194 2784; x_wconf 85' lang='lat' dir='ltr'><strong>quatuordecim</strong></span> <span class='ocrx_word' id='word_1_279' title='bbox 2215 2720 2343 2770; x_wconf 83' lang='lat' dir='ltr'><strong>aliis.</strong></span> <span class='ocrx_word' id='word_1_280' title='bbox 2396 2735 2503 2770; x_wconf 71' lang='lat' dir='ltr'><strong>cum</strong></span> <span class='ocrx_word' id='word_1_281' title='bbox 2538 2721 2623 2768; x_wconf 80' lang='lat' dir='ltr'><strong>vel</strong></span> 
     </span>
    </p>
   </div>
   <div class='ocr_carea' id='block_1_6' title="bbox 1409 2849 1633 2900">
    <p class='ocr_par' dir='ltr' id='par_1_11' title="bbox 1409 2849 1633 2900">
     <span class='ocr_line' id='line_1_29' title="bbox 1409 2849 1633 2900; baseline -0.004 0"><span class='ocrx_word' id='word_1_282' title='bbox 1409 2849 1633 2900; x_wconf 76' lang='lat' dir='ltr'>NOTAE</span> 
     </span>
    </p>
   </div>
   <div class='ocr_carea' id='block_1_7' title="bbox 418 2973 2642 4338">
    <p class='ocr_par' dir='ltr' id='par_1_12' title="bbox 418 2973 2624 3101">
     <span class='ocr_line' id='line_1_30' title="bbox 418 2973 2624 3039; baseline 0.001 -13"><span class='ocrx_word' id='word_1_283' title='bbox 418 2973 667 3026; x_wconf 84' lang='lat' dir='ltr'><strong>maxima:</strong></span> <span class='ocrx_word' id='word_1_284' title='bbox 704 2975 871 3026; x_wconf 81' lang='lat' dir='ltr'><strong>AEolia</strong></span> <span class='ocrx_word' id='word_1_285' title='bbox 890 2981 1061 3026; x_wconf 81' lang='lat' dir='ltr'><strong>autem</strong></span> <span class='ocrx_word' id='word_1_286' title='bbox 1085 2983 1168 3026; x_wconf 84' lang='lat' dir='ltr'><strong>est</strong></span> <span class='ocrx_word' id='word_1_287' title='bbox 1196 2991 1225 3025; x_wconf 89' lang='lat' dir='ltr'><strong>e</strong></span> <span class='ocrx_word' id='word_1_288' title='bbox 1264 2976 1479 3039; x_wconf 79' lang='lat' dir='ltr'><strong>regione</strong></span> <span class='ocrx_word' id='word_1_289' title='bbox 1560 2977 1720 3038; x_wconf 77' lang='lat' dir='ltr'><strong>Rege,</strong></span> <span class='ocrx_word' id='word_1_290' title='bbox 1757 2979 1814 3024; x_wconf 87' lang='lat' dir='ltr'><strong>et</strong></span> <span class='ocrx_word' id='word_1_291' title='bbox 1851 2974 1916 3025; x_wconf 86' lang='lat' dir='ltr'><strong>ab</strong></span> <span class='ocrx_word' id='word_1_292' title='bbox 1946 2973 2180 3038; x_wconf 82' lang='lat' dir='ltr'><strong>ejusdem</strong></span> <span class='ocrx_word' id='word_1_293' title='bbox 2217 2973 2324 3023; x_wconf 86' lang='lat' dir='ltr'><strong>filio</strong></span> <span class='ocrx_word' id='word_1_294' title='bbox 2355 2975 2624 3035; x_wconf 77' lang='lat' dir='ltr'><strong>Thessalo,</strong></span> 
     </span>
     <span class='ocr_line' id='line_1_31' title="bbox 420 3050 1840 3101; baseline 0.001 -3"><span class='ocrx_word' id='word_1_295' title='bbox 420 3050 627 3099; x_wconf 73' lang='lat' dir='ltr'><strong>Siciliae.</strong></span> <span class='ocrx_word' id='word_1_296' title='bbox 1560 3051 1840 3101; x_wconf 78' lang='lat' dir='ltr'><strong>Thessalia.</strong></span> 
     </span>
    </p>

    <p class='ocr_par' dir='ltr' id='par_1_13' title="bbox 420 3123 2630 3417">
     <span class='ocr_line' id='line_1_32' title="bbox 490 3123 2625 3190; baseline 0.001 -16"><span class='ocrx_word' id='word_1_297' title='bbox 490 3131 585 3174; x_wconf 84' lang='grc'><strong>176</strong></span> <span class='ocrx_word' id='word_1_298' title='bbox 620 3126 838 3188; x_wconf 71' lang='lat' dir='ltr'><strong>Coc’rcet]</strong></span> <span class='ocrx_word' id='word_1_299' title='bbox 888 3128 1081 3190; x_wconf 84' lang='lat' dir='ltr'><strong>Populi</strong></span> <span class='ocrx_word' id='word_1_300' title='bbox 1122 3126 1351 3189; x_wconf 74' lang='lat' dir='ltr'><strong>Inalpini</strong></span> <span class='ocrx_word' id='word_1_301' title='bbox 1387 3141 1483 3188; x_wconf 82' lang='lat' dir='ltr'><strong>per</strong></span> <span class='ocrx_word' id='word_1_302' title='bbox 1630 3129 1725 3173; x_wconf 81' lang='grc'><strong>180</strong></span> <span class='ocrx_word' id='word_1_303' title='bbox 1774 3125 1930 3174; x_wconf 78' lang='lat' dir='ltr'><strong>Peneo</strong></span> <span class='ocrx_word' id='word_1_304' title='bbox 1962 3129 2214 3188; x_wconf 70' lang='lat' dir='ltr'><strong>stagnante</strong></span> <span class='ocrx_word' id='word_1_305' title='bbox 2251 3123 2410 3188; x_wconf 71' lang='lat' dir='ltr'><strong>palus]</strong></span> <span class='ocrx_word' id='word_1_306' title='bbox 2479 3127 2625 3190; x_wconf 76' lang='lat' dir='ltr'><strong>stag·</strong></span> 
     </span>
     <span class='ocr_line' id='line_1_33' title="bbox 420 3199 2628 3265; baseline 0 -16"><span class='ocrx_word' id='word_1_307' title='bbox 420 3199 657 3264; x_wconf 84' lang='lat' dir='ltr'><strong>hyemem</strong></span> <span class='ocrx_word' id='word_1_308' title='bbox 682 3215 783 3249; x_wconf 92' lang='lat' dir='ltr'><strong>non</strong></span> <span class='ocrx_word' id='word_1_309' title='bbox 808 3207 1080 3265; x_wconf 76' lang='lat' dir='ltr'><strong>vagantur,</strong></span> <span class='ocrx_word' id='word_1_310' title='bbox 1097 3201 1188 3250; x_wconf 85' lang='lat' dir='ltr'><strong>sed</strong></span> <span class='ocrx_word' id='word_1_311' title='bbox 1212 3202 1351 3250; x_wconf 86' lang='lat' dir='ltr'><strong>intra</strong></span> <span class='ocrx_word' id='word_1_312' title='bbox 1368 3215 1481 3262; x_wconf 87' lang='lat' dir='ltr'><strong>spe·</strong></span> <span class='ocrx_word' id='word_1_313' title='bbox 1564 3214 1712 3248; x_wconf 77' lang='lat' dir='ltr'><strong>nasse</strong></span> <span class='ocrx_word' id='word_1_314' title='bbox 1732 3201 1856 3248; x_wconf 90' lang='lat' dir='ltr'><strong>olim</strong></span> <span class='ocrx_word' id='word_1_315' title='bbox 1881 3199 2070 3249; x_wconf 86' lang='lat' dir='ltr'><strong>dieitur</strong></span> <span class='ocrx_word' id='word_1_316' title='bbox 2091 3201 2374 3262; x_wconf 73' lang='lat' dir='ltr'><strong>Thessalia,</strong></span> <span class='ocrx_word' id='word_1_317' title='bbox 2395 3200 2462 3250; x_wconf 89' lang='lat' dir='ltr'><strong>ob</strong></span> <span class='ocrx_word' id='word_1_318' title='bbox 2487 3215 2628 3250; x_wconf 86' lang='lat' dir='ltr'><strong>mon-</strong></span> 
     </span>
     <span class='ocr_line' id='line_1_34' title="bbox 424 3276 2627 3340; baseline 0 -14"><span class='ocrx_word' id='word_1_319' title='bbox 424 3278 615 3326; x_wconf 64' lang='lat' dir='ltr'><strong>luncas</strong></span> <span class='ocrx_word' id='word_1_320' title='bbox 642 3292 699 3324; x_wconf 88' lang='lat' dir='ltr'><strong>se</strong></span> <span class='ocrx_word' id='word_1_321' title='bbox 734 3283 919 3326; x_wconf 86' lang='lat' dir='ltr'><strong>tenent</strong></span> <span class='ocrx_word' id='word_1_322' title='bbox 942 3285 1125 3327; x_wconf 78' lang='lat' dir='ltr'><strong>eontra-</strong></span> <span class='ocrx_word' id='word_1_323' title='bbox 1144 3278 1485 3328; x_wconf 82' lang='lat' dir='ltr'><strong>acerbitatem</strong></span> <span class='ocrx_word' id='word_1_324' title='bbox 1567 3281 1650 3323; x_wconf 82' lang='lat' dir='ltr'><strong>tes</strong></span> <span class='ocrx_word' id='word_1_325' title='bbox 1673 3276 1820 3324; x_wconf 86' lang='lat' dir='ltr'><strong>simul</strong></span> <span class='ocrx_word' id='word_1_326' title='bbox 1855 3277 2189 3340; x_wconf 78' lang='lat' dir='ltr'><strong>eoliaerentes,</strong></span> <span class='ocrx_word' id='word_1_327' title='bbox 2209 3276 2304 3325; x_wconf 86' lang='lat' dir='ltr'><strong>sed</strong></span> <span class='ocrx_word' id='word_1_328' title='bbox 2328 3283 2448 3339; x_wconf 84' lang='lat' dir='ltr'><strong>post</strong></span> <span class='ocrx_word' id='word_1_329' title='bbox 2468 3283 2627 3326; x_wconf 69' lang='lat' dir='ltr'><strong>terrm</strong></span> 
     </span>
     <span class='ocr_line' id='line_1_35' title="bbox 424 3351 2630 3417; baseline -0.001 -14"><span class='ocrx_word' id='word_1_330' title='bbox 424 3352 649 3417; x_wconf 69' lang='lat' dir='ltr'><strong>frigoris.</strong></span> <span class='ocrx_word' id='word_1_331' title='bbox 1568 3357 1786 3411; x_wconf 88' lang='lat' dir='ltr'><strong>motum,</strong></span> <span class='ocrx_word' id='word_1_332' title='bbox 1823 3358 2026 3400; x_wconf 79' lang='lat' dir='ltr'><strong>montes</strong></span> <span class='ocrx_word' id='word_1_333' title='bbox 2061 3352 2143 3400; x_wconf 90' lang='lat' dir='ltr'><strong>vel</strong></span> <span class='ocrx_word' id='word_1_334' title='bbox 2183 3368 2212 3400; x_wconf 92' lang='lat' dir='ltr'><strong>a</strong></span> <span class='ocrx_word' id='word_1_335' title='bbox 2261 3351 2508 3414; x_wconf 77' lang='lat' dir='ltr'><strong>Neptuno</strong></span> <span class='ocrx_word' id='word_1_336' title='bbox 2546 3353 2630 3401; x_wconf 79' lang='lat' dir='ltr'><strong>vel</strong></span> 
     </span>
    </p>

    <p class='ocr_par' dir='ltr' id='par_1_14' title="bbox 424 3425 2632 3718">
     <span class='ocr_line' id='line_1_36' title="bbox 493 3425 2632 3494; baseline -0.002 -16"><span class='ocrx_word' id='word_1_337' title='bbox 493 3434 586 3479; x_wconf 82' lang='grc'><strong>177</strong></span> <span class='ocrx_word' id='word_1_338' title='bbox 624 3430 845 3478; x_wconf 69' lang='lat' dir='ltr'><strong>Nondum</strong></span> <span class='ocrx_word' id='word_1_339' title='bbox 874 3429 1166 3493; x_wconf 73' lang='lat' dir='ltr'><strong>praecincte]</strong></span> <span class='ocrx_word' id='word_1_340' title='bbox 1206 3429 1343 3482; x_wconf 81' lang='lat' dir='ltr'><strong>Quia</strong></span> <span class='ocrx_word' id='word_1_341' title='bbox 1366 3445 1489 3478; x_wconf 88' lang='lat' dir='ltr'><strong>non·</strong></span> <span class='ocrx_word' id='word_1_342' title='bbox 1572 3425 1637 3472; x_wconf 79' lang='lat' dir='ltr'><strong>ab</strong></span> <span class='ocrx_word' id='word_1_343' title='bbox 1662 3425 1893 3474; x_wconf 85' lang='lat' dir='ltr'><strong>Hercule</strong></span> <span class='ocrx_word' id='word_1_344' title='bbox 1925 3427 2134 3494; x_wconf 78' lang='lat' dir='ltr'><strong>abrupti</strong></span> <span class='ocrx_word' id='word_1_345' title='bbox 2157 3432 2298 3488; x_wconf 85' lang='lat' dir='ltr'><strong>sunt,</strong></span> <span class='ocrx_word' id='word_1_346' title='bbox 2327 3433 2385 3474; x_wconf 83' lang='lat' dir='ltr'><strong>et</strong></span> <span class='ocrx_word' id='word_1_347' title='bbox 2405 3426 2527 3474; x_wconf 84' lang='lat' dir='ltr'><strong>inde</strong></span> <span class='ocrx_word' id='word_1_348' title='bbox 2545 3425 2632 3475; x_wconf 88' lang='lat' dir='ltr'><strong>da-</strong></span> 
     </span>
     <span class='ocr_line' id='line_1_37' title="bbox 426 3501 2631 3566; baseline -0.002 -12"><span class='ocrx_word' id='word_1_349' title='bbox 426 3505 548 3554; x_wconf 72' lang='lat' dir='ltr'><strong>dum</strong></span> <span class='ocrx_word' id='word_1_350' title='bbox 574 3506 749 3557; x_wconf 78' lang='lat' dir='ltr'><strong>stabat</strong></span> <span class='ocrx_word' id='word_1_351' title='bbox 789 3507 971 3566; x_wconf 85' lang='lat' dir='ltr'><strong>Roma,</strong></span> <span class='ocrx_word' id='word_1_352' title='bbox 1003 3506 1183 3555; x_wconf 84' lang='lat' dir='ltr'><strong>futura</strong></span> <span class='ocrx_word' id='word_1_353' title='bbox 1215 3521 1387 3556; x_wconf 85' lang='lat' dir='ltr'><strong>rerum</strong></span> <span class='ocrx_word' id='word_1_354' title='bbox 1408 3507 1493 3554; x_wconf 84' lang='lat' dir='ltr'><strong>do-</strong></span> <span class='ocrx_word' id='word_1_355' title='bbox 1572 3506 1663 3549; x_wconf 74' lang='lat' dir='ltr'><strong>tus</strong></span> <span class='ocrx_word' id='word_1_356' title='bbox 1685 3501 1833 3564; x_wconf 83' lang='lat' dir='ltr'><strong>aquis</strong></span> <span class='ocrx_word' id='word_1_357' title='bbox 1858 3502 1986 3550; x_wconf 85' lang='lat' dir='ltr'><strong>liber</strong></span> <span class='ocrx_word' id='word_1_358' title='bbox 2007 3503 2196 3550; x_wconf 83' lang='lat' dir='ltr'><strong>exitus.</strong></span> <span class='ocrx_word' id='word_1_359' title='bbox 2230 3501 2436 3552; x_wconf 82' lang='lat' dir='ltr'><strong>Peneus</strong></span> <span class='ocrx_word' id='word_1_360' title='bbox 2459 3508 2631 3552; x_wconf 80' lang='lat' dir='ltr'><strong>autem</strong></span> 
     </span>
     <span class='ocr_line' id='line_1_38' title="bbox 424 3574 2631 3645; baseline -0.001 -15"><span class='ocrx_word' id='word_1_361' title='bbox 424 3582 585 3642; x_wconf 80' lang='lat' dir='ltr'><strong>mina,</strong></span> <span class='ocrx_word' id='word_1_362' title='bbox 640 3588 697 3630; x_wconf 81' lang='lat' dir='ltr'><strong>et</strong></span> <span class='ocrx_word' id='word_1_363' title='bbox 747 3581 1019 3645; x_wconf 78' lang='lat' dir='ltr'><strong>triumphis</strong></span> <span class='ocrx_word' id='word_1_364' title='bbox 1070 3582 1365 3632; x_wconf 73' lang='lat' dir='ltr'><strong>clarissimis</strong></span> <span class='ocrx_word' id='word_1_365' title='bbox 1416 3581 1491 3631; x_wconf 82' lang='lat' dir='ltr'><strong>di·</strong></span> <span class='ocrx_word' id='word_1_366' title='bbox 1572 3574 1856 3626; x_wconf 80' lang='lat' dir='ltr'><strong>estfluvius</strong></span> <span class='ocrx_word' id='word_1_367' title='bbox 1874 3579 2171 3640; x_wconf 67' lang='lat' dir='ltr'><strong>Thessaliae,</strong></span> <span class='ocrx_word' id='word_1_368' title='bbox 2186 3585 2337 3642; x_wconf 85' lang='lat' dir='ltr'><strong>pater</strong></span> <span class='ocrx_word' id='word_1_369' title='bbox 2352 3578 2631 3642; x_wconf 61' lang='lat' dir='ltr'><strong>Daphnen</strong></span> 
     </span>
     <span class='ocr_line' id='line_1_39' title="bbox 432 3654 2449 3718; baseline -0 -13"><span class='ocrx_word' id='word_1_370' title='bbox 432 3657 608 3706; x_wconf 80' lang='lat' dir='ltr'><strong>tanda.</strong></span> <span class='ocrx_word' id='word_1_371' title='bbox 1572 3654 1722 3704; x_wconf 84' lang='lat' dir='ltr'><strong>alluit</strong></span> <span class='ocrx_word' id='word_1_372' title='bbox 1745 3657 1859 3705; x_wconf 86' lang='lat' dir='ltr'><strong>loca</strong></span> <span class='ocrx_word' id='word_1_373' title='bbox 1881 3655 2219 3704; x_wconf 81' lang='lat' dir='ltr'><strong>amoenissima</strong></span> <span class='ocrx_word' id='word_1_374' title='bbox 2238 3655 2449 3718; x_wconf 84' lang='lat' dir='ltr'><strong>Tempe.</strong></span> 
     </span>
    </p>

    <p class='ocr_par' dir='ltr' id='par_1_15' title="bbox 428 3731 2642 4178">
     <span class='ocr_line' id='line_1_40' title="bbox 495 3731 2635 3797; baseline -0.001 -15"><span class='ocrx_word' id='word_1_375' title='bbox 495 3736 592 3782; x_wconf 83' lang='grc'><strong>178</strong></span> <span class='ocrx_word' id='word_1_376' title='bbox 624 3732 827 3795; x_wconf 71' lang='lat' dir='ltr'><strong>Aluum}</strong></span> <span class='ocrx_word' id='word_1_377' title='bbox 846 3733 909 3781; x_wconf 89' lang='lat' dir='ltr'><strong>ld</strong></span> <span class='ocrx_word' id='word_1_378' title='bbox 927 3739 1027 3796; x_wconf 82' lang='lat' dir='ltr'><strong>est,</strong></span> <span class='ocrx_word' id='word_1_379' title='bbox 1044 3734 1304 3797; x_wconf 86' lang='lat' dir='ltr'><strong>parvulam</strong></span> <span class='ocrx_word' id='word_1_380' title='bbox 1324 3735 1490 3783; x_wconf 86' lang='lat' dir='ltr'><strong>navim</strong></span> <span class='ocrx_word' id='word_1_381' title='bbox 1647 3735 1737 3781; x_wconf 87' lang='grc'><strong>181</strong></span> <span class='ocrx_word' id='word_1_382' title='bbox 1779 3731 1960 3796; x_wconf 76' lang='lat' dir='ltr'><strong>Trifida</strong></span> <span class='ocrx_word' id='word_1_383' title='bbox 1997 3731 2212 3794; x_wconf 75' lang='lat' dir='ltr'><strong>cuspide]</strong></span> <span class='ocrx_word' id='word_1_384' title='bbox 2249 3732 2499 3782; x_wconf 84' lang='lat' dir='ltr'><strong>Tridente</strong></span> <span class='ocrx_word' id='word_1_385' title='bbox 2543 3746 2635 3781; x_wconf 83' lang='lat' dir='ltr'><strong>seu</strong></span> 
     </span>
     <span class='ocr_line' id='line_1_41' title="bbox 428 3807 2636 3873; baseline -0 -15"><span class='ocrx_word' id='word_1_386' title='bbox 428 3808 623 3858; x_wconf 80' lang='lat' dir='ltr'><strong>factam</strong></span> <span class='ocrx_word' id='word_1_387' title='bbox 662 3825 725 3858; x_wconf 82' lang='lat' dir='ltr'><strong>ex</strong></span> <span class='ocrx_word' id='word_1_388' title='bbox 763 3810 901 3873; x_wconf 83' lang='lat' dir='ltr'><strong>alno,</strong></span> <span class='ocrx_word' id='word_1_389' title='bbox 934 3824 1047 3873; x_wconf 80' lang='lat' dir='ltr'><strong>quae</strong></span> <span class='ocrx_word' id='word_1_390' title='bbox 1086 3811 1153 3857; x_wconf 86' lang='lat' dir='ltr'><strong>ad</strong></span> <span class='ocrx_word' id='word_1_391' title='bbox 1194 3809 1326 3858; x_wconf 87' lang='lat' dir='ltr'><strong>Padi</strong></span> <span class='ocrx_word' id='word_1_392' title='bbox 1360 3810 1495 3873; x_wconf 81' lang='lat' dir='ltr'><strong>ripas</strong></span> <span class='ocrx_word' id='word_1_393' title='bbox 1574 3807 1801 3858; x_wconf 82' lang='lat' dir='ltr'><strong>fuscina:</strong></span> <span class='ocrx_word' id='word_1_394' title='bbox 1844 3809 2042 3856; x_wconf 79' lang='lat' dir='ltr'><strong>tridens</strong></span> <span class='ocrx_word' id='word_1_395' title='bbox 2059 3823 2148 3856; x_wconf 84' lang='lat' dir='ltr'><strong>seu</strong></span> <span class='ocrx_word' id='word_1_396' title='bbox 2185 3809 2378 3870; x_wconf 83' lang='lat' dir='ltr'><strong>triplex</strong></span> <span class='ocrx_word' id='word_1_397' title='bbox 2401 3808 2522 3857; x_wconf 82' lang='lat' dir='ltr'><strong>data</strong></span> <span class='ocrx_word' id='word_1_398' title='bbox 2544 3822 2636 3871; x_wconf 87' lang='lat' dir='ltr'><strong>po-</strong></span> 
     </span>
     <span class='ocr_line' id='line_1_42' title="bbox 430 3882 2635 3948; baseline -0.001 -14"><span class='ocrx_word' id='word_1_399' title='bbox 430 3885 623 3934; x_wconf 80' lang='lat' dir='ltr'><strong>ereseit</strong></span> <span class='ocrx_word' id='word_1_400' title='bbox 640 3884 843 3935; x_wconf 83' lang='lat' dir='ltr'><strong>uberius</strong></span> <span class='ocrx_word' id='word_1_401' title='bbox 866 3902 878 3934; x_wconf 71' lang='grc' dir='ltr'>ε</span> <span class='ocrx_word' id='word_1_402' title='bbox 903 3899 1103 3934; x_wconf 81' lang='lat' dir='ltr'><strong>sorores</strong></span> <span class='ocrx_word' id='word_1_403' title='bbox 1120 3886 1311 3948; x_wconf 85' lang='lat' dir='ltr'><strong>quippe</strong></span> <span class='ocrx_word' id='word_1_404' title='bbox 1332 3887 1497 3936; x_wconf 61' lang='lat' dir='ltr'><strong>Phae·</strong></span> <span class='ocrx_word' id='word_1_405' title='bbox 1575 3891 1756 3946; x_wconf 81' lang='lat' dir='ltr'><strong>testas,</strong></span> <span class='ocrx_word' id='word_1_406' title='bbox 1791 3884 1861 3933; x_wconf 89' lang='lat' dir='ltr'><strong>ob</strong></span> <span class='ocrx_word' id='word_1_407' title='bbox 1881 3892 2113 3933; x_wconf 79' lang='lat' dir='ltr'><strong>naturam</strong></span> <span class='ocrx_word' id='word_1_408' title='bbox 2149 3882 2367 3934; x_wconf 80' lang='lat' dir='ltr'><strong>fontium</strong></span> <span class='ocrx_word' id='word_1_409' title='bbox 2409 3884 2635 3944; x_wconf 82' lang='lat' dir='ltr'><strong>dulcem,</strong></span> 
     </span>
     <span class='ocr_line' id='line_1_43' title="bbox 430 3959 2636 4026; baseline -0.001 -16"><span class='ocrx_word' id='word_1_410' title='bbox 430 3961 626 4010; x_wconf 75' lang='lat' dir='ltr'><strong>thontis</strong></span> <span class='ocrx_word' id='word_1_411' title='bbox 650 3968 768 4024; x_wconf 75' lang='lat' dir='ltr'><strong>post</strong></span> <span class='ocrx_word' id='word_1_412' title='bbox 790 3962 903 4026; x_wconf 77' lang='lat' dir='ltr'><strong>ejus</strong></span> <span class='ocrx_word' id='word_1_413' title='bbox 929 3960 1094 4012; x_wconf 86' lang='lat' dir='ltr'><strong>fatum</strong></span> <span class='ocrx_word' id='word_1_414' title='bbox 1118 3961 1295 4012; x_wconf 85' lang='lat' dir='ltr'><strong>dolore</strong></span> <span class='ocrx_word' id='word_1_415' title='bbox 1318 3970 1497 4012; x_wconf 73' lang='lat' dir='ltr'><strong>cunta-</strong></span> <span class='ocrx_word' id='word_1_416' title='bbox 1578 3961 1804 4025; x_wconf 71' lang='lat' dir='ltr'><strong>aeqnoris</strong></span> <span class='ocrx_word' id='word_1_417' title='bbox 1836 3960 2041 4022; x_wconf 83' lang='lat' dir='ltr'><strong>salsam,</strong></span> <span class='ocrx_word' id='word_1_418' title='bbox 2066 3968 2362 4024; x_wconf 81' lang='lat' dir='ltr'><strong>stagnorum</strong></span> <span class='ocrx_word' id='word_1_419' title='bbox 2394 3959 2636 4024; x_wconf 84' lang='lat' dir='ltr'><strong>mediam,</strong></span> 
     </span>
     <span class='ocr_line' id='line_1_44' title="bbox 435 4037 2460 4103; baseline -0.002 -15"><span class='ocrx_word' id='word_1_420' title='bbox 435 4037 678 4101; x_wconf 64' lang='lat' dir='ltr'><strong>buerunt,</strong></span> <span class='ocrx_word' id='word_1_421' title='bbox 721 4045 775 4088; x_wconf 84' lang='lat' dir='ltr'><strong>et</strong></span> <span class='ocrx_word' id='word_1_422' title='bbox 810 4040 861 4088; x_wconf 87' lang='lat' dir='ltr'><strong>in</strong></span> <span class='ocrx_word' id='word_1_423' title='bbox 901 4039 1118 4103; x_wconf 86' lang='lat' dir='ltr'><strong>populos</strong></span> <span class='ocrx_word' id='word_1_424' title='bbox 1142 4055 1231 4089; x_wconf 81' lang='lat' dir='ltr'><strong>seu</strong></span> <span class='ocrx_word' id='word_1_425' title='bbox 1260 4039 1401 4088; x_wconf 87' lang='lat' dir='ltr'><strong>alnos</strong></span> <span class='ocrx_word' id='word_1_426' title='bbox 1424 4039 1499 4088; x_wconf 84' lang='lat' dir='ltr'><strong>ibi</strong></span> <span class='ocrx_word' id='word_1_427' title='bbox 1572 4051 1676 4086; x_wconf 80' lang='lat' dir='ltr'><strong>nec</strong></span> <span class='ocrx_word' id='word_1_428' title='bbox 1697 4050 1921 4085; x_wconf 82' lang='lat' dir='ltr'><strong>amaram</strong></span> <span class='ocrx_word' id='word_1_429' title='bbox 1943 4049 2042 4084; x_wconf 85' lang='lat' dir='ltr'><strong>nee</strong></span> <span class='ocrx_word' id='word_1_430' title='bbox 2065 4043 2218 4099; x_wconf 81' lang='lat' dir='ltr'><strong>gustu</strong></span> <span class='ocrx_word' id='word_1_431' title='bbox 2242 4043 2460 4099; x_wconf 80' lang='lat' dir='ltr'><strong>gratam.</strong></span> 
     </span>
     <span class='ocr_line' id='line_1_45' title="bbox 438 4113 2642 4178; baseline 0.004 -20"><span class='ocrx_word' id='word_1_432' title='bbox 438 4117 647 4160; x_wconf 69' lang='lat' dir='ltr'><strong>mutatae</strong></span> <span class='ocrx_word' id='word_1_433' title='bbox 671 4127 784 4178; x_wconf 73' lang='lat' dir='ltr'><strong>esse</strong></span> <span class='ocrx_word' id='word_1_434' title='bbox 804 4113 1064 4163; x_wconf 80' lang='lat' dir='ltr'><strong>dicuntur.</strong></span> <span class='ocrx_word' id='word_1_435' title='bbox 1643 4113 1857 4175; x_wconf 79' lang='lat' dir='ltr'><strong>Montes]</strong></span> <span class='ocrx_word' id='word_1_436' title='bbox 1909 4113 2048 4162; x_wconf 85' lang='lat' dir='ltr'><strong>Saxa</strong></span> <span class='ocrx_word' id='word_1_437' title='bbox 2089 4117 2146 4160; x_wconf 85' lang='lat' dir='ltr'><strong>et</strong></span> <span class='ocrx_word' id='word_1_438' title='bbox 2185 4117 2368 4176; x_wconf 61' lang='lat' dir='ltr'><strong>rupes:</strong></span> <span class='ocrx_word' id='word_1_439' title='bbox 2407 4114 2642 4167; x_wconf 73' lang='lat' dir='ltr'><strong>claudin-</strong></span> 
     </span>
    </p>

    <p class='ocr_par' dir='ltr' id='par_1_16' title="bbox 443 4187 2640 4338">
     <span class='ocr_line' id='line_1_46' title="bbox 506 4187 2640 4251; baseline 0.004 -18"><span class='ocrx_word' id='word_1_440' title='bbox 506 4190 602 4235; x_wconf 77' lang='lat'><strong>179</strong></span> <span class='ocrx_word' id='word_1_441' title='bbox 640 4187 1241 4251; x_wconf 57' lang='lat' dir='ltr'><strong>fflmliamJ-&#39;l&#39;hessalia</strong></span> <span class='ocrx_word' id='word_1_442' title='bbox 1279 4190 1502 4241; x_wconf 80' lang='lat' dir='ltr'><strong>Graeciae</strong></span> <span class='ocrx_word' id='word_1_443' title='bbox 1581 4205 1710 4240; x_wconf 84' lang='lat' dir='ltr'><strong>nus:</strong></span> <span class='ocrx_word' id='word_1_444' title='bbox 1746 4188 1927 4239; x_wconf 82' lang='lat' dir='ltr'><strong>‘Illius</strong></span> <span class='ocrx_word' id='word_1_445' title='bbox 1965 4196 2022 4238; x_wconf 86' lang='lat' dir='ltr'><strong>et</strong></span> <span class='ocrx_word' id='word_1_446' title='bbox 2053 4189 2168 4240; x_wconf 78' lang='lat' dir='ltr'><strong>(luri</strong></span> <span class='ocrx_word' id='word_1_447' title='bbox 2204 4187 2410 4238; x_wconf 84' lang='lat' dir='ltr'><strong>flevere.</strong></span> <span class='ocrx_word' id='word_1_448' title='bbox 2427 4191 2640 4241; x_wconf 76' lang='lat' dir='ltr'><strong>silentia</strong></span> 
     </span>
     <span class='ocr_line' id='line_1_47' title="bbox 443 4260 2462 4338; baseline 0.004 -28"><span class='ocrx_word' id='word_1_449' title='bbox 443 4260 585 4325; x_wconf 83' lang='lat' dir='ltr'><strong>regio</strong></span> <span class='ocrx_word' id='word_1_450' title='bbox 622 4261 765 4311; x_wconf 88' lang='lat' dir='ltr'><strong>dicta</strong></span> <span class='ocrx_word' id='word_1_451' title='bbox 802 4271 885 4312; x_wconf 82' lang='lat' dir='ltr'><strong>est</strong></span> <span class='ocrx_word' id='word_1_452' title='bbox 926 4265 1160 4313; x_wconf 86' lang='lat' dir='ltr'><strong>AEmonia</strong></span> <span class='ocrx_word' id='word_1_453' title='bbox 1194 4265 1261 4314; x_wconf 92' lang='lat' dir='ltr'><strong>ab</strong></span> <span class='ocrx_word' id='word_1_454' title='bbox 1292 4266 1503 4315; x_wconf 87' lang='lat' dir='ltr'><strong>AEmone</strong></span> <span class='ocrx_word' id='word_1_455' title='bbox 1580 4271 1784 4338; x_wconf 80' lang='lat' dir='ltr'><strong>montes</strong></span> <span class='ocrx_word' id='word_1_456' title='bbox 1805 4269 1836 4315; x_wconf 86' lang='lat'><strong>:’</strong></span> <span class='ocrx_word' id='word_1_457' title='bbox 1868 4265 1922 4316; x_wconf 85' lang='lat' dir='ltr'><strong>id</strong></span> <span class='ocrx_word' id='word_1_458' title='bbox 1943 4272 2044 4328; x_wconf 79' lang='lat' dir='ltr'><strong>est,</strong></span> <span class='ocrx_word' id='word_1_459' title='bbox 2069 4279 2194 4316; x_wconf 78' lang='lat' dir='ltr'><strong>saxa</strong></span> <span class='ocrx_word' id='word_1_460' title='bbox 2215 4273 2272 4316; x_wconf 87' lang='lat' dir='ltr'><strong>et</strong></span> <span class='ocrx_word' id='word_1_461' title='bbox 2293 4281 2462 4331; x_wconf 75' lang='lat' dir='ltr'><strong>rupes.</strong></span> 
     </span>
    </p>
   </div>
  </div>
 </body>
</html>
