3184 4984
551 323 686 391 830

555 482 808 549 Laetior
832 482 987 547 hinc
1017 480 1206 545 Fano
1233 480 1476 562 recipit
1507 478 1802 543 Fortuna
1829 483 2123 554 vetusto,

556 584 1068 667 Despiciturque
1098 601 1307 662 vagus
1336 586 1679 663 praerupta
1705 580 1881 643 valle
1913 578 2287 656 Metaurus,

557 683 719 764 Qua
745 704 931 749 mons
959 691 1100 747 arte
1128 694 1360 765 patens
1392 682 1550 744 vivo
1581 699 1655 742 se
1694 679 1995 762 perforat
2024 697 2212 756 arcu,

555 784 981 869 Admisitque
1010 786 1188 848 viam
1217 788 1424 847 sectae
1455 800 1580 864 per
1613 783 1871 845 viscera
1900 780 2105 862 rupis»,
2228 773 2237 783 ’

555 886 997 971 Exsuperans
1029 886 1300 949 delubra
1329 884 1373 948 J
1379 884 1554 959 ovis,
1581 901 1886 965 saxoque
1914 884 2246 945 minantes

556 985 1074 1073 Apenninigenis
1105 986 1322 1049 cultas
1349 984 1737 1067 pastoribus
1771 1001 1943 1045 aras.

557 1086 738 1166 Quin
762 1094 826 1151 et
855 1085 1176 1151 Clitumni
1205 1104 1431 1150 sacras
1459 1086 1821 1149 victoribus
1852 1082 2087 1159 undaS,

1213 338 1331 390 012.
1375 336 1802 387 ehAUmAm
1852 334 2142 385 xxvln.

2582 1038 2593 1045 .
2616 978 2749 1045 505

556 1269 736 1331 excipit
760 1268 1047 1319 Honorium
1069 1269 1122 1317 in
1143 1269 1311 1332 templo
1331 1269 1541 1331 antiquo,
1561 1274 1609 1317 et
1644 1270 1897 1317 Metaurus
1919 1265 2205 1316 errabundus
2228 1278 2293 1313 ex
2323 1264 2431 1313 alto
2448 1262 2682 1339 aspicitur
2699 1262 2759 1313 in

556 1334 676 1382 valle
695 1347 883 1393 saxosa,
915 1334 970 1383 in
1007 1349 1097 1396 qua
1135 1348 1264 1380 mons
1299 1334 1489 1395 pervius
1529 1333 1763 1381 industria
1787 1330 2044 1379 hominnm
2068 1329 2227 1391 aperit
2246 1343 2345 1377 sese
2366 1326 2557 1387 fornice
2578 1332 2758 1388 natam,

556 1403 604 1445 et
623 1398 793 1459 pandit
813 1397 908 1445 iter
923 1413 1007 1460 per
1033 1397 1301 1460 penetralia
1321 1398 1472 1445 cantis
1491 1396 1665 1455 scisso,
1696 1397 1903 1445 minens
1922 1408 2077 1457 supra
2099 1394 2321 1455 templum
2340 1392 2495 1452 donis,
2528 1396 2576 1439 et
2599 1403 2755 1453 supra

556 1461 734 1511 altaria
755 1460 956 1510 minacia
977 1463 1027 1509 in
1063 1475 1198 1523 rupe,
1229 1463 1426 1509 adorata
1462 1476 1494 1508 a
1533 1460 1800 1521 pastoribus
1820 1458 2076 1521 Apennini.
2144 1456 2275 1512 Quin
2310 1457 2453 1507 etiam
2488 1470 2621 1504 amor
2648 1452 2755 1513 fuit

556 1524 755 1575 invisere
791 1538 936 1587 aquas
959 1524 1189 1574 Clitumni
1223 1529 1432 1573 mutas
1460 1522 1897 1587 triumphatoribus,
1938 1537 2043 1585 qnae
2076 1534 2222 1584 aquae
2258 1520 2559 1583 suppeditant
2598 1524 2759 1568 tauros

1485 1699 1845 1722 OOOOOOOOOO

558 1811 723 1862 Antv.
761 1816 918 1863 retuso
941 1816 1024 1863 vel
1055 1814 1211 1875 refuso
1233 1813 1560 1864 oinct-499
1596 1813 1781 1862 Oceano
1818 1810 1944 1863 Jun.
1981 1812 2221 1874 ιιι-500
2253 1808 2445 1859 Leo-tior
2467 1808 2611 1860 Med.
2634 1814 2757 1863 tert,

559 1877 634 1927 hic
653 1878 768 1927 Pal.
791 1878 1018 1927 Floreat.
1043 1878 1188 1927 Med.
1209 1892 1288 1941 pr.
1306 1879 1431 1927 hunc
1444 1878 1569 1925 Vnt.
1591 1889 1695 1926 sec.
1713 1876 1815 1939 duo
1833 1874 1978 1924 Med.
2001 1875 2196 1924 Moret.
2214 1887 2293 1937 pr.
2314 1874 2391 1922 hic
2414 1873 2494 1921 vel
2516 1874 2568 1922 in
2586 1873 2757 1925 Oxou.

559 1953 640 2003 pr.
665 1942 800 1989 hamo
817 1955 908 2003 pro
933 1942 1068 1990 Fano
1088 1940 1122 1990 J
1129 1956 1211 1990 un.
1228 1956 1307 2003 pr.
1331 1941 1544 1989 Fortuna
1565 1944 1747 1987 vetusto
1767 1939 2141 1995 Exc.*Schotti‚
2177 1938 2228 1985 in
2253 1938 2439 2000 quibus
2462 1936 2755 1987 Gronovius

560 2002 1633 2130 ”Zssffiiissffil-mnpffib?'kruizffgl''
1658 2015 1789 2115 3¹:23·
1820 2002 2758 2129 23335225ff2‘5m122'5121533352

558 2143 666 2178 rum
688 2130 787 2180 inc.
809 2084 1124 2193 Heins.1‘>¹ago
1148 2131 1263 2179 Pal.
1281 2135 1612 2195 praeruptaque
1633 2129 1749 2178 Pal.
1775 2128 1919 2178 Med.
1943 2143 2027 2192 pr.
2062 2144 2233 2189 vagum
2268 2130 2541 2178 Metaurum
2574 2129 2759 2179 Petnv.

558 2206 668 2242 sec.
702 2193 909 2242 Tholas.
943 2196 1064 2243 Var.
1099 2196 1203 2243 LL.
1242 2209 1272 2241 e
1302 2209 1466 2256 marg.
1490 2194 1829 2242 Parm.—502
1862 2208 1971 2241 arce
1987 2198 2157 2255 patens
2177 2186 2297 2241 Vnt.
2339 2207 2443 2241 sec.
2466 2192 2580 2241 Pal.
2602 2194 2758 2241 Farn.

561 2255 726 2306 Oisel.
761 2257 960 2307 Bonon.
1001 2258 1101 2306 duo
1126 2257 1303 2308 Ambr.
1339 2258 1466 2306 Exc.
1492 2256 1711 2307 Gevart.
1756 2256 1840 2305 ed.
1879 2256 2050 2305 vicet.
2090 2263 2145 2305 et
2170 2256 2345 2305 Parm.
2377 2261 2537 2316 petens
2574 2256 2758 2307 Petam

561 2333 666 2370 sec.
703 2334 910 2383 nno-pro
931 2322 1037 2369 vivo
1056 2322 1180 2371 Jun.
1206 2335 1283 2384 pr.
1319 2322 1454 2370 unde
1470 2335 1587 2369 unco
1624 2318 1853 2370 faciebat
1876 2320 2061 2369 Heius,
2088 2318 2300 2383 perforet
2333 2319 2507 2369 Oxou.
2541 2334 2621 2383 pr.
2651 2335 2759 2384 per-

547 2382 689 2442 forat
709 2398 822 2433 arou
837 2385 966 2433 Exc.
989 2386 1211 2445 Schotti,
1235 2386 1288 2433 in
1311 2385 1498 2449 quibus
1516 2384 1809 2433 Gronovius
1833 2384 2146 2447 ascripserat
2183 2384 2353 2433 locum
2384 2382 2537 2433 Statii
2575 2384 2694 2434 Lib.
2718 2398 2757 2435 1.

560 2443 838 2497 Achillem.
864 2463 936 2497 vs.
961 2452 1070 2497 106.
1119 2449 1135 2476 ‘
1160 2449 1338 2498 domus
1364 2449 1526 2498 ardua
1559 2455 1788 2497 montem
1811 2446 2058 2497 Pei-forat
2094 2455 2149 2497 et
2184 2448 2339 2510 longo
2363 2446 2635 2510 suspendit
2659 2449 2759 2497 Pe·

559 2510 666 2560 lion
690 2510 854 2560 arcu]
904 2513 1203 2575 Admisitque
1226 2527 1399 2561 omnes
1430 2514 1579 2562 Vatt.
1602 2512 1717 2561 Pal.
1744 2513 1893 2561 Fam.
1916 2511 2057 2561 Prie.
2080 2512 2222 2561 Rott.
2246 2512 2407 2562 Oisel.
2437 2510 2759 2575 Admittitqne

561 2574 742 2625 Petav.
765 2590 844 2637 pr.
866 2588 934 2624 m.
957 2590 1060 2625 sec.
1083 2578 1274 2627 Moret.
1293 2591 1370 2640 pr.
1393 2577 1553 2625 Gesn.
1589 2582 1646 2624 et
1682 2576 1764 2625 ed.
1803 2576 2015 2641 Bipoqt.
2054 2574 2321 2638 Ami-sitque
2354 2590 2485 2625 suam
2516 2576 2653 2627 Jun„
2676 2590 2756 2639 pr.

559 2638 686 2687 diem
704 2640 824 2690 Vnt.
843 2654 948 2689 sec.
971 2641 1072 2688 vias
1090 2642 1447 2689 'flauam—604
1472 2642 1743 2701 Exsuperas
1759 2640 1932 2689 Oxou.
1954 2654 2030 2702 pr.
2048 2640 2271 2688 micantes
2293 2640 2419 2688 Vat.
2446 2639 2610 2703 quint.
2632 2640 2757 2689 Put.

561 2702 688 2751 Lov.
711 2709 866 2765 atque
891 2704 964 2751 ita
985 2704 1208 2752 malebat
1227 2704 1410 2752 Heius.
1431 2703 1639 2751 minaces
1655 2703 1792 2753 Prie.
1818 2702 1962 2751 Med.
2032 2712 2168 2751 uart.
2199 2704 2565 2753 stoicae—505
2598 2702 2756 2767 Apen-

559 2764 801 2827 ninigenis
818 2767 945 2815 Exc.
961 2768 1179 2816 Lucem.
1203 2781 1280 2829 pr.
1297 2766 1671 2829 Apennim'geris
1691 2766 1794 2814 duo
1812 2765 1997 2815 Petav.
2070 2780 2223 2815 onon.
2245 2767 2455 2815 Tliolos.
2479 2766 2659 2815 Ambr.
2676 2781 2755 2829 pr.

561 2828 648 2877 ed.
665 2829 838 2878 Vicet.
861 2844 989 2878 arces
1009 2830 1129 2879 Vat.
1159 2844 1262 2879 sec.
1283 2830 1474 2879 Moret.
1511 2844 1614 2879 sec.
1635 2830 1760 2877 Var.
1792 2830 1896 2878 LL.
1917 2843 1946 2877 e
1969 2842 2131 2891 marg.
2168 2830 2342 2879 Parm.
2362 2832 2465 2878 nias
2485 2832 2613 2895 Reg.
2635 2832 2758 2882 Var.

561 2891 670 2944 LL.
691 2892 776 2943 ed.
795 2891 954 2944 AntV.
976 2896 1126 2943 undas
1145 2894 1273 2944 Lov,
1307 2908 1420 2943 aras
1433 2894 1517 2943 vel
1547 2895 1652 2943 alas
1671 2894 1756 2949 yel
1775 2907 1908 2942 mes
1938 2892 2109 2942 Oxou.
2130 2898 2372 2957 pia—506
2408 2894 2505 2950 Qui
2526 2909 2611 2945 nec
2630 2896 2759 2947 Var.

1559 3081 1613 3131 N
1618 3080 1773 3133 01·AE

563 3202 697 3256 Padi
717 3209 920 3269 aestuat,
948 3211 1008 3256 et
1025 3214 1142 3270 post
1160 3206 1426 3273 relinquit,
1447 3213 1503 3258 et
1524 3219 1621 3261 nu'-

563 3278 656 3327 dat
692 3278 804 3343 ejus
842 3281 997 3344 ripas,
1033 3297 1145 3346 quoe
1181 3282 1335 3332 modo
1359 3290 1619 3334 tumentes

559 3352 743 3419 fluctu,
763 3354 1029 3407 imitantur
1052 3371 1290 3409 accessus
1307 3364 1364 3409 et
1381 3372 1618 3409 recessus

563 3430 768 3482 lunares
791 3434 965 3482 maris.

625 3511 722 3557 500
742 3508 874 3557 Fano
890 3509 1126 3572 Fortuna]
1140 3510 1335 3559 Fanum
1351 3511 1619 3573 Fortunae,

559 3583 808 3648 oppidum
834 3599 935 3633 non
952 3586 1104 3648 longe
1117 3586 1183 3635 ab
1203 3585 1334 3635 urbe
1351 3588 1617 3637 Ravenna.

560 3658 730 3721 Hujus
759 3660 895 3708 urbis
917 3660 1151 3709 meminit
1169 3660 1413 3711 Aurelius
1437 3662 1621 3712 Victor

559 3732 616 3783 in
639 3731 938 3795 Aureliano,
981 3735 1070 3799 qui
1107 3734 1236 3783 vicit
1266 3736 1282 3763 ‘
1314 3735 1474 3799 juxta
1515 3751 1619 3785 am-

559 3822 678 3860 nem
693 3809 1004 3867 Metaurum,
1022 3825 1083 3858 ac
1107 3811 1303 3859 Fanum
1325 3812 1569 3862 Fortunae
1584 3811 1622 3861 ε’

558 3884 680 3934 hinc
702 3885 942 3934 Vitruvio
979 3886 1170 3935 dicitur
1201 3887 1218 3915 ‘
1243 3887 1458 3937 Colonia
1477 3888 1621 3939 Julia

561 3959 858 4010 Fanestris!

623 4040 718 4085 501
767 4036 1072 4099 Despicitur]
1121 4038 1205 4087 Ex
1258 4036 1445 4088 altiore
1500 4039 1617 4088 loco

561 4116 850 4175 spectatur.

623 4186 877 4252 Praerupta
897 4190 1038 4253 mue]
1059 4189 1212 4239 Valle
1231 4190 1369 4241 saxis
1382 4204 1616 4255 praerup·

1699 3210 1768 3260 tis
1792 3217 1848 3261 et
1866 3211 2153 3263 minacibus
2176 3215 2422 3263 scatente.

1762 3287 2035 3351 Metaurus]
2086 3288 2299 3337 Flavius
2330 3286 2561 3336 Umbriae
2605 3300 2662 3336 se
2701 3285 2757 3336 in

1698 3362 1861 3412 sinum
1886 3362 2205 3413 Adriaticum
2227 3375 2533 3424 exoneran8‚
2562 3360 2755 3412 Asdru-

1698 3436 1827 3487 balis
1860 3439 2006 3488 clade
2036 3434 2252 3488 nobilis.
2332 3436 2475 3485 Hinc
2515 3436 2755 3486 Sidonius

1699 3512 2047 3575 Apollinaris:
2103 3512 2119 3541 ‘
2161 3511 2435 3575 Improbus
2476 3518 2535 3562 ut
2572 3513 2757 3563 rubeat

1697 3588 1957 3637 Barchina
1977 3588 2123 3637 caede
2144 3587 2455 3639 Metaurus!

1762 3667 1859 3713 502
1892 3664 2057 3725 Mons]
2080 3663 2307 3727 Apertus
2324 3669 2407 3713 est
2422 3677 2548 3712 arcu
2564 3662 2755 3727 partim

1697 3738 1893 3801 nativo,
1929 3739 2115 3801 partim
2136 3744 2248 3787 arte
2271 3736 2432 3801 facto,
2470 3737 2647 3803 sicque
2671 3752 2754 3788 ars

1700 3820 1753 3861 et
1776 3820 1956 3861 natura
1978 3813 2129 3862 simul
2152 3814 2443 3876 conjunctae
2468 3820 2605 3863 sunt.

1762 3893 1859 3938 506
1895 3890 2147 3951 Clitumni]
2181 3890 2281 3937 Hic
2298 3888 2483 3937 fluvius
2498 3888 2755 3939 Mevaniae

1698 3965 1751 4013 in
1787 3964 2022 4027 Umbria,
2067 3964 2213 4027 cujus
2260 3963 2401 4014 fluvii
2442 3978 2575 4028 aqua
2629 3970 2757 4028 pota.

1698 4041 1944 4091 candidus
1988 4041 2149 4091 boves
2193 4041 2415 4091 reddere
2468 4039 2761 4105 dicebatur,

1696 4115 1815 4164 ideo
1838 4116 2033 4165 dilecta
2054 4116 2509 4179 triumphantibus,
2530 4115 2621 4179 qui
2644 4122 2756 4166 tau·

1696 4205 1782 4241 ros
1820 4197 1878 4242 et
1898 4204 2057 4257 equos
2078 4190 2224 4241 albos
2246 4190 2528 4256 eligebant,
2564 4192 2655 4242 hos
2685 4188 2753 4243 ad
