3184 4984
524 368 658 433 842
1158 380 1274 429 cr..
1319 380 1749 429 cnsumnu
1800 380 2085 429 xxvun

523 523 794 608 Imperii
823 540 1124 605 praesens
1156 520 1446 587 Genius!
1493 528 1939 605 quantamque
1967 522 2268 607 rependit

521 625 848 710 Majestas
876 624 1122 687 alterna
1149 626 1392 701 vicem,
1425 644 1580 689 cum
1611 626 1793 707 regia
1822 624 2006 690 Circi

524 727 910 791 Connexum
936 726 1249 808 gradibus
1280 731 1625 790 veneratur
1658 746 1949 811 purpura
1976 728 2251 809 vulg-us!

522 827 961 911 Assensuque
991 847 1182 893 cavae
1213 828 1524 893 sublatus
1552 831 1624 893 in
1655 831 1901 894 aethera
1928 830 2125 893 vallis
2594 828 2729 891 615

524 930 759 995 Plebis
789 930 1086 993 adoratae
1114 930 1343 995 reboat
1363 930 1601 1013 fragor,
1634 950 1899 1015 unaque
1930 932 2085 995 totis
2166 996 2169 998 Α
2688 928 2694 933 ’

527 1078 728 1141 Imperii
748 1079 833 1126 dat
853 1078 1034 1127 civibus
1055 1080 1328 1128 reverentia·
1348 1096 1532 1128 arconae
1553 1081 1576 1130 Ι
1610 1084 1657 1129 et
1688 1084 1914 1143 quantum
1953 1079 2171 1140 majestas
2193 1078 2455 1142 Principis
2482 1080 2640 1127 reddit
2660 1081 2731 1127 vi-

523 1143 682 1191 cissim
703 1143 894 1201 amoris,
916 1158 1017 1191 cum
1039 1157 1247 1206 purpura
1275 1146 1588 1205 Imperatoria
1610 1147 1785 1193 salutat
1804 1144 2022 1207 populum
2042 1146 2285 1191 denudum
2317 1142 2369 1190 iu
2389 1142 2617 1191 subselliis
2632 1158 2730 1192 am-

521 1206 780 1270 phitheatri
796 1205 820 1254 !
852 1212 900 1255 et
936 1208 1110 1255 clamor
1141 1210 1300 1271 populi
1321 1211 1518 1257 salutati
1541 1210 1691 1257 elatus
1709 1210 1762 1258 in
1798 1211 1962 1257 coelum
1993 1209 2165 1271 plausu
2186 1207 2325 1257 vallis
2345 1222 2555 1257 comavae
2576 1222 2731 1257 remu·

1455 1336 1805 1355 ‘OO‘NOOOOOO

529 1418 650 1464 tert.
675 1414 903 1465 Floreat.
924 1415 1109 1464 Petav.
1176 1420 1382 1465 r.—612
1413 1418 1590 1481 species
1620 1432 1829 1479 pra-sens
1869 1415 1993 1468 Jun.
2032 1431 2107 1479 pr.
2152 1415 2323 1477 genius
2345 1414 2493 1463 Leid.
2518 1429 2595 1477 pr.
2617 1414 2735 1464 Μο-

529 1484 628 1527 ret.
652 1493 753 1527 sec.
777 1480 920 1529 Med.
944 1487 1112 1544 quart.
1187 1488 1325 1529 etav.
1352 1497 1456 1531 sec.
1477 1482 1686 1531 OE‘holos.
1710 1482 1837 1529 Lov.
1875 1495 1944 1529 m.
1987 1495 2066 1543 pr.
2105 1481 2205 1528 inc.
2248 1480 2428 1528 Heius.
2465 1480 2594 1529 Exc.
2631 1480 2731 1529 Lu-

529 1556 669 1655 {2¹:ss
693 1544 942 1656 5:1¹1}ssss
980 1544 1320 1669 &issent
1346 1545 1801 1658 &trufiziffisstfz
1820 1543 2577 1671 ³⁸⁰ffi22103y‘3ffl2213‘3.
2594 1544 2735 1657 ἓξὲξ·

530 1671 706 1733 species
726 1686 902 1719 omnes
921 1673 1066 1722 Vatt.
1090 1672 1204 1721 Pal.
1229 1644 1380 1721 Fain.
1395 1627 1549 1723 ‘itote
1573 1673 1735 1722 Oisel.
1787 1626 1957 1734 ςενιξκε
1979 1674 2059 1721 vel
2081 1674 2254 1735 species
2280 1672 2413 1735 Reg.
2438 1672 2609 1721 Oxou.
2629 1687 2733 1723 sec.

531 1740 840 1798 quantumque
872 1736 978 1788 Jun
1042 1742 1282 1799 pin-618
1315 1739 1480 1787 rudem
1524 1752 1619 1799 pro
1640 1738 1788 1786 vicem
1809 1738 1881 1786 id.
1902 1738 2028 1787 Jun.
2060 1737 2213 1803 fidem
2251 1736 2426 1785 Ambr.
2454 1742 2578 1787 tert.
2634 1737 2738 1786 curi

533 1814 626 1863 pro
647 1800 764 1847 circa·
786 1800 926 1849 Med.
946 1805 1209 1851 sem—614
1247 1803 1488 1851 Conexum
1509 1808 1729 1914 ειςιαῖιιοι·
1752 1802 1901 1851 Vatt.
1924 1802 2069 1851 Pric.
2112 1801 2272 1850 Oisel.
2310 1801 2544 1850 Florent.
2586 1800 2734 1851 Med.
2768 1849 2772 1854 .

531 1878 637 1913 sec.
661 1863 859 1913 Bonon.
885 1865 1058 1913 Ambr.
1081 1880 1158 1928 pr.
1219 1865 1492 1915 Connexum
1559 1866 1625 1915 al.
1640 1866 1745 1915 duo
1767 1865 1938 1916 Oxou.
1960 1866 2105 1914 Leid.
2126 1880 2203 1928 pr.
2224 1872 2277 1913 et
2296 1880 2395 1913 sec.
2414 1880 2529 1913 cum
2549 1865 2738 1929 glossa,

532 1928 570 1976 i.
593 1942 636 1977 e.
657 1929 912 1978 collectum.
958 1929 1227 1978 convexum
1269 1930 1415 1980 Med.
1457 1945 1538 1992 pr.
1576 1930 1782 1979 Tholos.
1825 1931 1948 1979 Lov.
1986 1931 2110 1982 Jun.
2134 1945 2212 1990 pr.
2248 1930 2369 1978 Var.
2391 1930 2497 1977 LL.
2521 1943 2550 1976 e
2572 1943 2737 1993 marg.

535 1993 709 2042 Parm.
757 1995 981 2053 gravibus
1016 2008 1110 2056 pro
1146 1993 1377 2055 gradibus
1407 1995 1532 2045 Jun.
1570 2010 1646 2057 pr.
1702 2001 1981 2045 venerantur
2003 1994 2185 2042 Ambr.
2210 2009 2289 2056 pr.
2332 2008 2543 2056 purpura
2565 1996 2663 2042 cuti
2686 2002 2741 2043 et

533 2063 717 2119 postea
753 2058 890 2117 regia
921 2058 1090 2118 vulgus
1126 2057 1270 2106 Med.
1319 2073 1398 2120 pr.
1449 2072 1665 2121 purpura
1713 2058 1845 2107 Circi
1880 2066 1934 2107 et
1967 2058 2101 2120 regia
2142 2060 2305 2119 vulgus
2348 2058 2468 2106 Vat.
2512 2058 2740 2121 quint.—

534 2124 630 2169 615
665 2119 956 2184 Assem-suque
997 2122 1141 2170 Med.
1184 2136 1260 2185 pr.
1305 2122 1493 2171 Moret.
1541 2137 1620 2184 pr.
1666 2122 1788 2172 Vat.
1835 2121 2000 2170 Liviu.
2060 2124 2368 2184 Consessuque
2411 2122 2536 2169 Vat.
2574 2122 2738 2187 quint.

539 2184 884 2246 eamusque
916 2185 1062 2233 Leid.
1087 2199 1191 2234 sec.
1215 2186 1342 2234 Exc.
1367 2186 1584 2235 Gevart.
1626 2186 1675 2234 in
1712 2188 1906 2236 Lovan.
1946 2201 2011 2234 ex
2036 2186 2394 2235 emendatione
2429 2192 2541 2233 erat
2558 2187 2593 2235 l.
2620 2188 2745 2235 Con·

533 2262 560 2295 s
720 2264 792 2297 ue.
815 2264 1055 2297 consensus
1077 2257 1130 2297 et
1138 2248 1313 2309 fragor
1329 2257 1448 2297 sunt
1471 2251 1724 2313 opposita.
1754 2252 2080 2313 Consensuque
2112 2260 2217 2299 tres
2238 2252 2386 2300 Vatt.
2426 2252 2577 2299 Farn.
2598 2248 2741 2302 Pric-

541 2312 933 2361 Rott.Gronov.
959 2314 1010 2360 in
1030 2315 1156 2361 Exc.
1179 2314 1378 2361 Schotti
1399 2328 1540 2379 seqq.
1573 2320 1856 2363 notaverat.
1890 2316 1906 2343 ‘
1935 2316 2261 2378 Cousensuque
2280 2314 2429 2377 σακε]
2470 2328 2739 2379 perperam

539 2377 1026 2440 Bullingeruslegst,
1053 2379 1288 2425 consensu
1306 2393 1455 2425 caveoe
1473 2392 1512 2427 ⁸.
1535 2378 1584 2425 in
1608 2394 1663 2427 oe.
1686 2380 1875 2426 clamor.
1902 2378 2014 2427 Lib.
2038 2393 2075 2427 1.
2096 2379 2161 2428 de
2180 2378 2385 2430 Theatr.
2427 2392 2475 2427 c.
2500 2383 2579 2429 51.
2612 2380 2742 2429 Vult

539 2440 726 2502 Poeta,
747 2441 955 2489 crebros
989 2442 1165 2503 populi
1190 2441 1565 2491 abblandieutis
1588 2444 1801 2505 plausus
1838 2443 1901 2491 ab
1924 2444 2161 2505 opposita
2192 2444 2321 2491 valle.
2341 2442 2488 2492 reddi
2511 2442 2743 2507 majores.

541 2504 679 2554 Plin.
701 2505 813 2553 Lib.
831 2518 890 2553 11.
914 2520 960 2553 c.
985 2508 1064 2554 44.
1085 2513 1138 2554 et
1163 2505 1276 2554 Lib.
1304 2519 1498 2554 xxxvi.
1524 2521 1570 2554 c.
1599 2511 1675 2555 15.
1732 2508 1927 2555 Lucan.
1952 2520 2029 2557 ιν.
2055 2512 2164 2556 159.
2199 2508 2384 2556 Claud.
2409 2520 2469 2556 11.
2488 2507 2553 2557 de
2577 2508 2741 2557 Laud.

539 2569 652 2619 Stil.
677 2576 735 2618 ut
753 2570 985 2618 omittam
1006 2584 1213 2618 caveam
1249 2570 1302 2617 in
1328 2568 1725 2633 Amphitheatro
1744 2586 1872 2620 esse.
1910 2571 2198 2620 Cassiodor.
2221 2572 2334 2621 Lib.
2376 2586 2451 2619 lv.
2477 2572 2575 2635 Ep.
2614 2572 2744 2623 Haec

540 2634 718 2683 Thom.
741 2635 1041 2696 Dempster.
1065 2634 1130 2681 ad
1148 2634 1258 2681 Lib.
1283 2631 1322 2681 ι’.
1348 2636 1523 2683 Rosin.
1547 2645 1592 2683 c·-
1618 2634 1680 2685 2!
1728 2636 1906 2684 dilatus
1938 2636 2056 2685 Vat.
2092 2650 2195 2685 sec.
2248 2637 2422 2685 oethere
2442 2636 2597 2685 Fam.
2619 2637 2743 2687 Jun-

544 2710 623 2761 pr.
664 2698 809 2746 Med.
851 2702 1123 2746 sem—616
1153 2700 1361 2745 odorata
1397 2698 1540 2747 Med.
1572 2706 1741 2762 quart.
1784 2700 1887 2747 duo
1924 2698 2105 2749 Ambr.
2150 2703 2361 2749 adoratoe
2396 2702 2479 2748 vel
2506 2700 2744 2752 honoratae

544 2761 686 2810 Pric.
711 2761 958 2809 Heinsius
1003 2762 1085 2809 hic
1127 2775 1272 2825 seqq.
1307 2769 1475 2812 notat.
1507 2764 1541 2789 “
1564 2764 1775 2810 adoratae
1810 2778 1904 2825 pro
1924 2765 2158 2813 salutate.
2196 2765 2331 2813 Mira
2360 2764 2573 2813 locutio.
2596 2766 2668 2814 sic
2688 2771 2747 2815 et

544 2826 866 2889 Capitolinus
905 2824 954 2871 in
994 2825 1290 2873 Pertinace.
1329 2841 1380 2887 p.
1412 2830 1492 2873 58.
1528 2825 1562 2873 l.
1592 2830 1674 2875 31.
1718 2828 1734 2855 ‘
1762 2828 1884 2875 Fuit
1916 2827 1969 2874 in
2008 2830 2150 2875 curia
2186 2827 2747 2891 honorificentissimus,

542 2890 618 2936 ita
639 2895 696 2937 ut
717 2888 962 2937 Senatum
980 2885 1240 2937 faventem
1260 2890 1518 2948 adoraret,
1542 2897 1597 2938 et
1624 2890 1767 2952 quasi
1790 2890 2065 2953 praefectus
2091 2890 2225 2941 Urbi
2247 2908 2363 2942 cum
2386 2892 2617 2942 omnibus
2642 2908 2746 2942 ser-

545 2965 744 3001 monem
764 2951 1132 3015 participaret!
1171 2953 1393 3002 Casaub.
1419 2968 1471 3016 p.
1496 2957 1607 3003 162.
1631 2954 1681 3003 d.
1703 2954 1777 3003 sic
1802 2970 1939 3017 saepe
1957 2957 2144 3005 adorati
2161 2957 2507 3018 Imperatores
2529 2958 2749 3006 Romani

545 3016 851 3080 posterioris
891 3018 988 3065 aevi
1013 3018 1350 3078 scriptoribus
1375 3017 1637 3067 dicuntur.
1676 3033 1793 3067 nam
1838 3020 2131 3079 Salmasius,
2172 3020 2256 3083 qui
2297 3034 2477 3069 revera
2507 3020 2749 3071 adoratos

545 3081 715 3130 credit
733 3081 799 3129 ad
824 3081 960 3129 Hist.
983 3080 1116 3143 Aug.
1138 3097 1186 3145 p.
1210 3086 1324 3131 319.
1360 3080 1576 3133 fallitur.
1598 3082 1694 3130 nisi
1718 3082 1950 3132 fortassis
1972 3084 2326 3147 Imperatores
2349 3100 2589 3149 nequam.
2658 3087 2742 3135 De

517 3145 818 3199 —Persarum
845 3145 1072 3207 Regibus
1098 3153 1274 3195 notum
1297 3153 1397 3196 est.
1462 3147 1627 3197 Tacit.
1644 3147 1841 3197 Hister.
1865 3148 1985 3201 Lib.
1998 3162 2035 3198 1.
2068 3150 2084 3177 ‘
2108 3148 2223 3198 Nec
2255 3149 2435 3198 deerat
2462 3150 2622 3212 Otho,
2636 3164 2751 3213 pro·

1538 3278 1751 3327 NOTAE

609 3381 706 3427 612
743 3377 947 3441 Genius]
978 3378 1286 3441 Imperator,
1317 3381 1404 3445 qni
1427 3388 1508 3430 est
1526 3396 1609 3429 ve·
1689 3383 1743 3431 id
1762 3390 1860 3443 est,
1884 3383 2131 3447 populum
2170 3382 2224 3430 in
2264 3384 2526 3445 Convexo,
2560 3396 2649 3431 seu
2671 3380 2757 3432 ro-'

547 3457 628 3505 lut
651 3470 836 3505 numen
856 3472 916 3505 ac
953 3456 1146 3505 Genius
1177 3460 1417 3507 tutelaris
1441 3460 1611 3522 Impe-
1692 3460 1853 3509 tundo
1892 3461 2269 3524 amphitheatro
2308 3459 2593 3509 sedentem.
2644 3458 2751 3507 Alii

548 3531 628 3580 rii.
663 3532 724 3579 In
745 3532 968 3595 antiquis
991 3533 1210 3581 nummis
1232 3535 1441 3598 legitur,
1469 3536 1484 3563 ⁴
1507 3535 1611 3584 Ge·
1696 3536 1978 3595 Camiaeum,
2020 3536 2071 3583 id
2111 3542 2213 3598 est,
2249 3538 2494 3599 populum
2517 3534 2749 3585 effultum

555 3606 642 3654 nio
665 3606 843 3669 populi
864 3606 1108 3654 Romani!
1692 3609 2087 3672 amphitheatro.

551 3686 556 3691 “
614 3684 711 3731 618
753 3679 934 3741 Vicem]
955 3681 1206 3744 Majestas
1223 3683 1484 3747 Principis
1501 3684 1614 3733 red·
1759 3684 2008 3746 Purpura]
2065 3684 2359 3745 Imperator
2398 3683 2577 3747 Regali
2634 3698 2753 3746 pur·

550 3757 630 3807 dit
665 3758 884 3808 vicissim
933 3759 1112 3818 vicem,
1142 3774 1231 3807 seu
1267 3764 1613 3813 reverentiam
1695 3775 1823 3824 pura
1845 3760 2057 3809 indutus
2084 3764 2358 3809 veneratur
2376 3760 2635 3822 populum.

550 3833 887 3895 reciprocam,
905 3840 1022 3880 cum
1045 3834 1336 3895 ingrediens
1355 3836 1614 3887 theatrum
1711 3850 1719 3856 ·
1760 3840 1857 3885 616
1893 3836 2071 3897 Plebis]
2104 3835 2295 3898 Populi
2317 3834 2533 3898 adorati,
2555 3850 2585 3884 a
2603 3834 2756 3883 Prin-

553 3909 743 3959 salutat
770 3922 1012 3969 poputum
1044 3909 1354 3957 :uuiversum
1495 3918 1502 3921 “
1698 3912 1813 3974 cipe
1838 3912 2064 3971 salutati,
2086 3912 2278 3960 clamor
2310 3918 2364 3959 et
2388 3911 2597 3974 plausus
2620 3924 2759 3959 reso-

618 3991 716 4036 614
752 3987 1045 4049 Comuexum]
1081 3987 1399 4037 Densatum:
1449 3992 1616 4051 gradi-
1701 3998 1805 4035 uat.
1856 3988 1997 4036 Otho
2024 3988 2161 4051 apud
2176 3988 2414 4036 Tacitum
2442 3986 2756 4050 protendens

555 4062 654 4125 ltus,
667 4062 720 4109 id
739 4071 838 4123 est,
857 4076 905 4109 m
932 4062 1080 4109 variis
1101 4062 1350 4111 subselliis
1375 4064 1505 4113 Circi
1527 4081 1617 4113 seu
1700 4079 1876 4113 manus
1901 4066 2081 4112 adorat
2102 4066 2309 4127 vulgum
2328 4081 2343 4125 3
2361 4071 2495 4113 etex
2518 4061 2757 4113 Claverio

557 4136 940 4200 amphitheatri,
983 4139 1064 4185 vel
1112 4140 1162 4185 iu
1221 4152 1340 4187 area
1379 4142 1619 4204 subjecta
1702 4140 1967 4189 Cedrenus
1988 4140 2172 4189 scribit
2200 4140 2395 4203 Regem
2416 4153 2591 4189 mense
2616 4138 2757 4189 Maio

559 4210 959 4277 amphitheatro.
999 4213 1108 4264 Alii
1127 4214 1310 4279 legunt
1335 4217 1623 4283 Convexwm,
1699 4218 2041 4282 prodeuntem
2083 4218 2135 4267 in
2167 4216 2431 4281 publicum
2466 4218 2758 4282 προσκυνῶ,
