3184 4984
495 314 626 383 682
1132 330 1246 382 01..-
1293 328 1722 379 anumAm
1772 328 1997 379 xxiv.

498 480 896 549 Innumeras
920 494 1052 540 uno
1083 479 1334 557 gereret
1361 494 1514 538 cum
1544 480 1837 557 tempore
1866 490 2151 556 pugnaS,

500 580 849 663 Hispanas
877 585 1174 660 caperet,
1203 577 1468 643 Siculas
1500 576 1836 640 obsideret
1862 576 2080 650 urbeS,

499 680 590 746 Et
617 680 888 745 Gallum
919 683 1106 745 terris
1135 684 1590 762 prosterneret,
1618 697 1887 761 aequore
1913 676 2225 753 Poenum,

501 782 866 865 Nunquam
899 782 1248 846 succubuit
1275 780 1562 858 damniS,
1593 787 1665 845 et
1691 782 1917 844 territa
1944 779 2125 841 nullo

499 884 819 961 Vulnere,
853 890 1011 968 post
1039 884 1306 950 Cannas
1334 884 1548 967 maior
1574 882 2025 965 Trebiamque
2050 878 2371 943 fremebat
2398 898 2415 941 ε
2555 875 2708 943 ’145

453 1016 456 1021 -
503 980 592 1052 Et
621 1006 771 1052 cum
793 987 938 1070 jam
964 986 1330 1068 premerent
1350 985 1665 1063 flammae,
1693 1001 2089 1065 murumque
2120 980 2335 1045 feriret

506 1090 768 1166 HostiS,
800 1091 869 1151 in
897 1093 1227 1152 extremos
1251 1091 1464 1152 aciem
1492 1088 1803 1151 mittebat
1834 1085 2155 1149 Hiberos.

505 1190 657 1256 Nec
689 1192 871 1254 stetit
894 1188 1214 1255 Oceano:
1259 1191 1591 1272 remisque
1621 1190 1920 1269 ingressa
1940 1184 2341 1268 profundum

503 1291 890 1358 vincendos
923 1291 1058 1354 alio
1089 1290 1408 1373 quaesivit
1435 1290 1503 1351 in
1533 1291 1695 1353 orbe
1723 1288 2107 1352 Britannos,

507 1393 689 1459 Haec
719 1397 842 1469 est,
881 1392 952 1455 in
983 1393 1300 1473 gremium
1331 1393 1550 1456 victos
1577 1410 1731 1474 quae
1765 1389 1915 1453 sola
1940 1388 2222 1471 recepit,
2254 1428 2265 1437 -
2579 1387 2711 1453 150

509 1494 1026 1576 Humanumque
1057 1512 1262 1576 genus
1291 1494 1623 1558 communi
1654 1491 1923 1556 nomine
1953 1490 2142 1567 fovit,

506 1702 610 1738 eum
625 1689 782 1737 eodem
804 1692 1010 1751 tempore
1034 1687 1224 1747 faceret
1257 1687 1376 1737 bella
1410 1686 1796 1747 innumerabilia,
1834 1691 1883 1735 et
1918 1700 2035 1735 cum
2056 1688 2353 1748 expugnaret
2372 1684 2511 1733 urbes
2534 1682 2721 1747 liupo.

505 1754 618 1814 niae,
647 1752 860 1813 cingeret
893 1751 1044 1800 urbes
1082 1752 1283 1813 Sicilie,
1320 1758 1366 1800 et
1388 1751 1639 1801 debellaret
1664 1751 1832 1799 Gallos
1850 1750 2031 1812 praelio
2052 1752 2287 1810 terrestri,
2320 1748 2714 1809 Carthaginenses

509 1815 683 1877 navali,
713 1830 952 1878 nunquam
960 1815 1130 1875 fracta
1150 1822 1221 1864 est
1243 1816 1468 1876 cladibus,
1499 1820 1546 1863 et
1568 1830 1659 1863 uon
1671 1816 1933 1876 perterrita
1952 1819 2024 1863 est
2041 1816 2137 1863 ulla
2149 1816 2317 1877 plag-a,
2337 1812 2592 1861 animosior
2603 1816 2713 1875 post

508 1880 686 1931 clades
714 1880 985 1929 Cannarum
1003 1884 1049 1927 et
1071 1880 1256 1928 Trebia
1275 1878 1486 1941 spirabat
1503 1878 1663 1927 bella:
1694 1883 1743 1927 et
1762 1879 1981 1938 cumjam
2002 1880 2139 1939 ignes
2151 1878 2487 1939 impenderent,
2506 1881 2553 1924 et
2568 1875 2736 1935 bootis,

507 1944 734 1993 Annibal
760 1943 824 1992 ad
849 1953 1029 2005 portas
1067 1957 1233 2006 prope
1271 1947 1508 2007 quassaret
1542 1942 1732 2005 moenia,
1763 1942 1986 1991 mittebat
2020 1943 2256 1991 exercitus
2284 1946 2447 1989 eontra
2473 1941 2717 2003 Hispanos

503 2009 710 2059 ultimos.
779 2008 940 2070 Neque
965 2008 1122 2055 Roma
1145 2010 1390 2056 retardata
1428 2011 1499 2055 est
1527 2006 1713 2055 Oceano
1729 2022 1745 2055 .·
1778 2006 1967 2057 intrans
1988 2021 2117 2067 mare
2140 2020 2257 2054 cum
2280 2004 2476 2053 navibus
2496 2004 2714 2067 quoesivit

505 2072 558 2121 in
576 2087 669 2121 axe
687 2073 836 2121 altero
859 2071 1122 2120 Britannos
1143 2071 1434 2132 subigendos.
1477 2121 1480 2123 ,
1505 2070 1629 2119 Haec
1666 2076 1756 2130 est,
1788 2086 1889 2133 quoe
1910 2086 2005 2119 una
2024 2069 2216 2119 admisit
2235 2069 2289 2117 in
2320 2068 2475 2117 sinum
2498 2068 2735 2131 populos,

505 2137 720 2200 domitos,
760 2141 808 2185 et
833 2151 946 2200 quae
967 2136 1122 2184 instar
1149 2136 1321 2184 matris
1341 2150 1434 2183 non
1468 2134 1801 2197 Imperatrieis
1816 2134 2029 2197 protexit
2062 2140 2255 2197 gentem
2274 2133 2513 2182 bominum
2533 2131 2719 2183 nomina

1441 2244 1796 2263 OOOOO‘OOOOOO

511 2310 657 2361 Med.
682 2325 757 2373 pr.
812 2311 934 2358 votis
953 2311 1072 2359 Vat.
1092 2324 1170 2372 pr.
1195 2315 1249 2359 et
1269 2316 1392 2359 tert.
1418 2310 1532 2359 Pal.
1571 2310 1715 2361 Rott.
1750 2309 1915 2359 Oisel.
1954 2310 2087 2373 Reg.
2130 2310 2252 2359 Pat.
2281 2307 2463 2357 Ambr.
2486 2320 2566 2371 pr.
2584 2306 2715 2357 Exe.

510 2374 711 2423 Schott.
731 2373 812 2422 ed.
834 2374 1005 2424 Vicet.
1046 2373 1177 2433 fatis
1215 2375 1298 2423 vel
1335 2374 1459 2423 votis
1502 2374 1628 2423 Vat.
1664 2380 1786 2423 tert.
1811 2374 1951 2423 Prie.
1976 2373 2122 2423 Med.
2143 2388 2223 2437 pr.
2257 2381 2313 2422 et
2338 2380 2458 2421 tert.
2482 2379 2537 2420 et
2566 2370 2715 2422 Leid.

511 2452 594 2503 pr.
617 2438 708 2501 qui
733 2452 828 2499 pro
852 2440 1022 2500 glossa
1042 2438 1220 2499 habet,
1237 2440 1253 2465 ‘
1272 2438 1410 2503 quod
1447 2436 1544 2503 (se.
1579 2437 1725 2501 votis)
1773 2438 1955 2487 melius
1991 2437 2267 2487 est.'—141
2298 2440 2509 2498 gemeret
2530 2434 2718 2488 Petav-

511 2506 780 2551 ὅσια-442
813 2502 1112 2551 submitteret
1151 2503 1300 2552 Farn.
1344 2504 1472 2551 Exc.
1507 2504 1727 2551 Lucem.
1782 2517 1861 2565 pr.
1898 2502 1983 2551 ed.
2022 2502 2198 2551 Vicet.
2257 2500 2547 2550 subverteret
2598 2500 2719 2553 Put-

509 2565 765 2616 subsideret
790 2568 921 2615 Exc.
945 2567 1144 2615 Schott.
1195 2566 1437 2616 obsederat
1477 2568 1603 2617 Lov.
1625 2568 1771 2616 Voss.
1797 2566 1939 2616 Leid.
1963 2581 2067 2615 sec.
2095 2566 2240 2615 Med.
2261 2571 2434 2629 quart.
2458 2566 2589 2613 Exc.
2612 2564 2719 2613 Ge-

512 2638 647 2690 vart.
699 2630 926 2679 obsideret
967 2630 1116 2679 Leid.
1159 2645 1238 2692 pr.
1283 2637 1339 2679 et
1377 2630 1597 2694 triginta
1640 2630 1804 2680 Codd.
1837 2630 2024 2681 Sched.
2060 2630 2199 2680 Gud.
2220 2632 2349 2679 Var.
2378 2626 2481 2678 LL.
2504 2643 2533 2676 e
2558 2642 2737 2691 marg„

512 2694 688 2744 Parni.
711 2702 764 2742 et
790 2694 872 2743 ed.
892 2692 1053 2743 Antv.
1105 2694 1337 2743 obsideret
1361 2695 1442 2743 vel
1467 2695 1709 2744 obsederat
1733 2696 1927 2745 Moret.
1950 2698 2213 2745 soce—143
2248 2694 2309 2743 In
2348 2693 2493 2743 terris
2530 2692 2723 2741 Gallum

512 2758 638 2807 Vat.
657 2761 924 2807 eece-145
965 2760 1139 2807 Cumas
1157 2758 1240 2807 ed.
1265 2759 1438 2808 Vicet.
1495 2759 1792 2822 trabeamque
1824 2758 1936 2808 Pal.
1993 2758 2249 2821 Trebiaque
2290 2759 2374 2806 vel
2420 2756 2723 2819 Trebiamque

513 2822 658 2881 Med.
683 2826 970 2870 terte—146
997 2827 1232 2884 premeret
1260 2822 1478 2885 flammis
1512 2824 1700 2872 Moret.
1765 2838 1807 2871 r.
1852 2822 2115 2884 fremerent
2136 2822 2258 2873 Vat.
2281 2836 2361 2885 pr.
2386 2830 2440 2869 et
2460 2828 2583 2870 tert.
2600 2820 2718 2869 Pal.

513 2882 657 2935 nott.
703 2886 865 2935 Oisel.
905 2886 1131 2935 Floreat.
1164 2887 1264 2933 duo
1304 2886 1448 2935 Med.
1479 2886 1684 2935 Tuum.
1762 2901 1880 2937 κου.
1905 2901 1983 2950 pr.
2032 2891 2297 2951 premerent
2342 2886 2422 2935 vel
2463 2888 2733 2943 tremerent¹

515 2950 657 2998 Med.
684 2958 806 2997 tert.
863 2964 1136 3013 murumque
1161 2948 1341 3008 feriret
1363 2950 1486 2999 Vnt.
1525 2957 1647 2999 tert.
1673 2952 1905 3001 Florent.
1928 2952 2032 3000 duo
2053 2952 2197 3001 Med.
2222 2952 2352 3011 Reg.
2376 2950 2572 2999 Mazar.
2592 2950 2721 2998 Exc.

513 3013 663 3061 Laeti.
706 3012 918 3072 ferirent
935 3014 1055 3063 Vat.
1079 3028 1157 3075 pr.
1210 3018 1391 3063 teneret
1433 3017 1532 3063 duo
1569 3015 1753 3065 Leidd.
1794 3031 1913 3065 cum
1949 3016 2130 3079 viginti
2176 3023 2397 3080 quatuor
2432 3014 2719 3075 alii8,Exc.

513 3077 712 3126 Schott.
733 3078 950 3126 Gevart.
975 3078 1197 3126 Lucens.
1231 3093 1308 3142 pr.
1353 3077 1436 3127 ed.
1477 3078 1649 3127 Parm.
1686 3086 1745 3129 et
1780 3081 1951 3129 Vicet.
1982 3080 2169 3128 Sched.
2194 3078 2332 3128 Gud.
2356 3080 2484 3128 Var.
2508 3078 2613 3126 LL.
2636 3076 2719 3127 ed.

515 3140 677 3190 Antv.
731 3146 912 3191 teneret
943 3142 1024 3189 vel
1055 3139 1234 3201 feriret
1251 3143 1400 3207 Med.
1421 3147 1705 3194 terh—147
1738 3149 1785 3192 et
1808 3148 2043 3193 extremos
2065 3143 2249 3192 Petav.
2276 3150 2398 3192 tert.
2454 3142 2597 3191 etiam
2625 3154 2720 3202 pro

511 3205 660 3254 aciem
698 3204 822 3254 Put.
873 3205 1088 3254 mutabat
1127 3207 1276 3255 vose.
1299 3207 1442 3256 Leid.
1469 3222 1574 3257 sec.
1615 3209 1745 3257 Exc.
1771 3207 1989 3257 Gevart.
2045 3208 2237 3256 Ibernos
2276 3207 2563 3255 Pan—148
2597 3204 2721 3253 Hae

515 3268 640 3318 ΑΜ.
694 3269 837 3319 remis
883 3270 995 3319 Pal.
1032 3270 1262 3319 Florent.
1307 3271 1453 3320 Med.
1495 3287 1574 3336 pr.
1620 3272 1730 3328 eine
1768 3273 2139 3336 copulae-149
2170 3286 2249 3321 ore
2272 3271 2385 3321 Pal.
2407 3272 2553 3321 Med.
2576 3284 2721 3333 pr.—

518 3338 614 3384 150
641 3334 824 3397 gremio
848 3334 993 3384 Med.
1019 3340 1140 3383 tert.
1178 3334 1376 3395 junctos
1397 3336 1625 3386 Floreat.
1648 3352 1719 3386 m.
1742 3340 1981 3401 pre-153
2014 3350 2226 3401 nexuque
2261 3350 2346 3385 suo
2365 3336 2560 3385 Thuan.
2592 3334 2721 3387 Jun-

1507 3464 1719 3515 NOTAE

584 3579 679 3625 144
715 3576 968 3639 Nunquam
983 3576 1248 3639 succubuit]
1287 3576 1536 3627 Horatius
1563 3593 1596 3625 :-
1660 3576 1795 3626 nito:
1847 3577 1902 3625 id
1936 3577 2187 3640 praestitit
2220 3578 2386 3627 Roma
2406 3591 2500 3640 per
2518 3576 2721 3629 salium

517 3653 533 3683 ‘
558 3645 665 3703 Per
687 3654 890 3714 damna,
915 3668 1009 3715 per
1029 3652 1218 3713 caedes,
1253 3653 1320 3702 ab
1341 3654 1453 3717 ipso
1475 3654 1581 3702 Du·
1662 3652 1943 3713 Caesarem,
1966 3652 2072 3716 qui,
2093 3668 2159 3701 ex
2173 3654 2449 3714 Suetonio,
2470 3654 2487 3681 ‘
2508 3664 2721 3716 aggres-

515 3728 592 3780 cit
613 3744 738 3793 opes
773 3729 1102 3793 animumque
1126 3727 1304 3780 ferro.'
1660 3742 1748 3776 sus
1770 3734 1855 3775 est
1876 3728 2151 3777 Britannos
2180 3728 2383 3791 ignotos
2420 3734 2594 3786 antea,
2636 3739 2737 3778 βω·

584 3808 676 3854 145
705 3805 894 3853 Cannas
912 3804 1236 3867 Trebiamque]
1251 3807 1334 3853 De
1347 3804 1427 3853 his
1445 3804 1581 3856 aiibi.
1660 3803 1958 3867 pet-arisque
1979 3803 2226 3867 pecunias
2258 3811 2315 3851 et
2340 3801 2544 3851 obsideo
2564 3801 2724 3865 impe»

567 3884 678 3931 -147
717 3880 908 3943 Hostis]
958 3879 1080 3941 Ipse
1121 3878 1366 3937 Annibal,
1390 3881 1454 3927 de
1477 3894 1579 3943 quo
1662 3878 1831 3928 ravit?

518 3956 788 4016 Horatius,
829 3959 844 3983 ‘
867 3954 1274 4021 Parentibus-que
1317 3956 1577 4005 abomina-
1727 3958 1813 4003 151
1860 3957 2105 4005 Communi
2126 3956 2333 4019 nomiae]
2390 3954 2537 4004 Fovit
2562 3960 2620 4003 ut
2630 3966 2724 4003 *sn-

521 4038 606 4079 ωε
626 4030 887 4090 Annibal,'
910 4032 1000 4080 sed
1033 4045 1188 4094 supra
1212 4032 1276 4078 de
1299 4032 1395 4081 hoo
1431 4032 1578 4095 plura
1660 4045 1735 4093 os,
1762 4044 1861 4079 non
1904 4042 2003 4077 mu·
2028 4031 2284 4079 communi
2320 4031 2523 4079 :romine
2544 4028 2743 4079 subdi-¹

521 4104 761 4155 diximus.
978 4152 982 4159 ,
1658 4115 1759 4169 ῑοε,
1778 4122 1931 4171 quam
1960 4108 2147 4168 socios,
2180 4122 2333 4170 quam
2369 4107 2529 4167 cives,
2566 4118 2721 4169 quam

586 4182 682 4233 149
713 4180 824 4231 Alio
865 4180 918 4230 iu
955 4180 1088 4245 orbe]
1117 4181 1388 4245 Hactenus
1407 4182 1584 4252 incog-
1658 4183 1811 4249 filios,
1824 4197 2021 4248 eosque
2058 4181 2512 4235 defendit-contra
2541 4187 2722 4245 tyrun-
