3184 4984
1072 411 1367 462 RAPTUS
1414 411 1770 464 PRosssRP.
1817 414 1965 464 LIB.
1999 411 2050 466 Γ.

472 552 672 633 Colla
697 555 919 620 levant
948 555 1169 621 attrita
1187 557 1396 641 jugis»,
1426 557 1754 642 lapsuque
1785 577 2008 623 sereno

471 647 691 722 Erecti
718 677 947 723 roseas
978 657 1248 723 tendunt
1276 659 1363 722 ad
1392 661 1684 724 carmina
1712 661 1972 733 cristas,

472 756 652 824 Ecce
682 758 922 842 procul
952 763 1176 822 ternas
1209 759 1473 822 Hecate
1504 761 1764 824 variata
1794 760 2036 842 figuras

472 859 812 936 Exoritur,
842 859 1141 942 lenisque
1172 858 1373 940 simul
1404 859 1709 941 procedit
1737 860 2046 940 Iacchus,

2575 761 2663 826 15

477 1029 669 1090 reptatu
690 1024 909 1087 excitati,
940 1025 1181 1088 applicant
1216 1023 1385 1072 cristas
1424 1023 1644 1073 rubentes
1679 1025 1741 1074 ad
1782 1029 1968 1080 cantum
1989 1025 2311 1077 audiendum.
2383 1027 2504 1076 Eece
2535 1028 2675 1088 louge

482 1093 699 1140 exoritur
720 1090 909 1139 Hecate
926 1089 1081 1138 solita
1102 1087 1466 1149 transformari
1453 1103 1507 1138 ιιι
1528 1095 1630 1138 tres
1649 1089 1818 1140 varios
1837 1091 2012 1154 vultus,
2031 1095 2079 1140 et
2098 1091 2240 1140 simul
2260 1091 2478 1140 Bacchus
2512 1091 2675 1140 mitior

1386 1245 1746 1269 OmOOOOOOOO

474 1362 679 1413 Claver.
701 1363 929 1426 flammea
949 1379 1046 1428 pro
1065 1379 1284 1427 meamea
1300 1365 1531 1416 Florent.
1532 1369 1662 1414 -13
1685 1365 1859 1414 ater-ita
1875 1363 2451 1430 Vat.qu1nt.Var.LL.
2475 1377 2506 1414 e
2521 1378 2677 1430 marg.

477 1426 652 1477 Parm.
674 1430 875 1476 παντοία
896 1435 1005 1478 tres
1040 1430 1185 1478 Vatt.
1208 1429 1323 1478 Pal.
1358 1430 1461 1478 duo
1495 1429 1641 1479 Med.
1662 1431 1785 1486 Vat.
1811 1428 1974 1478 Livin.
1999 1430 2185 1479 Petav.
2216 1443 2320 1479 sec.
2346 1428 2526 1494 Ambr.
2550 1434 2676 1480 tert.

479 1489 663 1540 Heius.
686 1491 759 1540 H.
784 1491 885 1541 duo
906 1493 1030 1544 Juu.
1042 1489 1159 1542 duo
1174 1493 1321 1542 Voss.
1342 1493 1473 1542 Cod.
1493 1493 1782 1544 Bartholin.
1805 1493 1886 1542 ed.
1905 1493 2077 1543 Parm.
2102 1499 2158 1542 et
2175 1493 2346 1543 vicet.
2349 1495 2480 1542 ··—14
2504 1493 2678 1556 Erepti

476 1553 599 1604 Vat.
618 1555 779 1618 quint.
802 1555 989 1606 Petav.
1026 1570 1131 1606 sec.
1170 1562 1226 1605 et
1246 1557 1411 1606 chart.
1436 1556 1616 1606 Heius.
1655 1558 1820 1620 Elapsi
1859 1558 1960 1608 inc.
1995 1557 2152 1620 ejusd.
2189 1559 2362 1620 Ereptt‘
2391 1558 2475 1606 vel
2511 1556 2678 1606 Erec-ti

480 1617 627 1683 Jun,
642 1633 722 1683 pr.
758 1623 952 1668 tendent
992 1635 1169 1670 omnes
1196 1621 1341 1672 Vatt.
1380 1619 1507 1670 Cod.
1543 1621 1828 1670 Bartholin.
1866 1623 2034 1670 tollunt
2077 1623 2196 1672 Vat.
2239 1635 2344 1671 sec.
2376 1635 2445 1672 m.
2478 1635 2581 1671 see.
2613 1622 2678 1668 ad

463 1688 648 1732 'cornua
676 1683 848 1732 cristas
868 1684 1095 1734 Victoris
1115 1684 1203 1734 lib
1252 1685 1435 1734 Heius.
1478 1687 1531 1733 in
1572 1685 1785 1736 Schedis
1823 1686 1924 1735 suis
1953 1686 2284 1750 ascripserat.
2317 1685 2556 1734 Bacchi
2578 1683 2682 1733 for

478 1751 617 1794 tasse
640 1761 832 1796 cornua
852 1748 1129 1823 intelligit3
1162 1749 1251 1796 ille
1275 1750 1409 1797 enim
1431 1749 1580 1812 hujus
1605 1764 1810 1812 pompa*
1833 1763 2004 1798 comes
2037 1751 2172 1812 quod
2198 1757 2307 1798 tum
2329 1763 2394 1798 ex
2425 1749 2525 1797 boc
2548 1749 2680 1810 loco,

466 1815 590 1859 ·tum
611 1810 873 1859 Pausania
896 1798 1113 1874 aliisque
1137 1818 1302 1875 patet.
1322 1825 1482 1876 quare
1500 1818 1557 1862 et
1580 1813 1632 1861 N
1637 1827 1769 1862 onno
1791 1813 2072 1860 Ἐλευσίνιος
2095 1813 2298 1862 dicitur.
2300 1813 2442 1864 ’-—15
2476 1813 2682 1877 Jamque

470 1876 640 1937 procul
660 1875 960 1924 chartaceus
982 1875 1164 1924 Heius.
1189 1875 1351 1924 ternis.
1358 1875 1567 1950 ‚figuris
1589 1875 1913 1926 omnesVatt.
1929 1877 2045 1924 Pal.
2067 1876 2192 1926 Cod.
2215 1875 2500 1925 Bartholin.
2521 1881 2684 1924 ternas

480 1937 727 2002 ...fig-uras
746 1937 1674 2002 Bonon.Petav.sec.—1elimque
1693 1940 1840 1990 Voss.
1874 1954 1952 2002 pr.
1985 1941 2212 2002 {ratusque
2246 1946 2352 1988 tres
2378 1939 2528 1989 Vatt.
2566 1939 2684 1989 Flo·

478 2007 616 2050 rent.
668 2003 799 2065 Reg.
834 2003 1007 2053 Oxon.
1042 2016 1121 2064 pr.
1152 2002 1277 2054 Jun.
1310 2016 1416 2052 sec.
1452 2003 1553 2051 duo
1574 2004 1724 2052 Voss.
1748 2004 1880 2052 Exc.
1905 2003 2054 2052 Laeti.
2085 2004 2288 2065 lenisque
2323 2001 2446 2054 Put.
2482 2003 2684 2053 Βοιιοιι.

480 2063 663 2114 Ambr.
698 2071 820 2114 tert.
859 2066 979 2115 Vat.
1012 2065 1182 2115 Livia.
1216 2065 1401 2116 Heius.
1426 2065 1496 2115 H.
1516 2072 1624 2116 tres
1646 2067 1827 2117 Petav.
1851 2067 1981 2116 Exc.
2005 2066 2204 2118 Schott.
2229 2073 2284 2116 et
2304 2065 2488 2116 Petav.
2512 2073 2682 2130 quart.

480 2127 565 2181 ed.
588 2127 761 2180 Parm.
786 2137 841 2180 et
862 2131 1039 2180 Vicet-
1075 2131 1278 2194 lenisque
1322 2132 1406 2180 vel
1438 2132 1660 2194 letusque
1681 2130 1824 2180 Med.
1849 2146 1925 2194 pr.
1954 2133 2182 2198 praecedit
2217 2130 2343 2181 Jun.
2379 2145 2458 2194 pr.
2498 2131 2684 2179 Hiatus

1468 2292 1691 2344 NOTAE

478 2439 642 2488 lemus
660 2437 831 2488 factus
861 2437 1121 2501 grandior,
1153 2437 1169 2468 ‘
1192 2436 1419 2490 Jubente
1441 2438 1537 2488 Ce-

466 2525 617 2580 rere,
648 2512 901 2576 anguibus
923 2519 1165 2576 portatus
1197 2513 1427 2574 alitibus,
1466 2515 1539 2562 in-

482 2587 779 2650 digentibus
816 2587 970 2636 terris
1023 2585 1283 2638 frumenta
1319 2587 1539 2637 volando

480 2663 734 2713 contulit!
786 2663 836 2712 S.
858 2661 1193 2727 Augustinus.
1224 2662 1289 2712 Id
1312 2663 1543 2727 explicat

480 2738 774 2788 Lndovicus
799 2737 958 2789 Vives
986 2738 1053 2790 de
1077 2755 1227 2804 nave,
1255 2741 1402 2805 cnjus
1437 2756 1542 2790 ser-

480 2827 613 2876 pens
636 2819 751 2864 erat
764 2814 983 2880 insigne,
998 2821 1053 2865 et
1070 2830 1171 2879 qua
1185 2821 1365 2866 vectus
1387 2815 1541 2880 Trip-

482 2881 701 2940 tolemus
731 2903 969 2954 magnam
998 2889 1243 2941 frumenti
1265 2891 1468 2956 copiam
1488 2889 1541 2940 in

479 2963 701 3030 patriam
726 2964 919 3017 attulit.

553 3045 615 3091 14
651 3042 851 3103 Roseus]
878 3041 943 3089 Id
967 3036 1067 3101 est,
1088 3040 1351 3101 rubentes,
1378 3041 1544 3090 instar

484 3127 733 3177 rosarum,
748 3114 885 3179 quod
907 3114 1023 3164 ideo
1040 3115 1393 3179 contingebat,
1409 3114 1545 3179 quod

486 3189 682 3254 placidi
706 3196 880 3240 essent
902 3190 1171 3255 dracones,
1192 3197 1247 3240 et
1268 3191 1334 3240 ad
1364 3191 1547 3240 lenita·

489 3272 599 3316 tem
618 3266 902 3330 compositi.

562 3340 799 3404 Tendunt]
849 3335 1051 3404 Id'est,
1102 3341 1351 3390 attollunt
1391 3346 1549 3404 caput

489 3414 782 3478 cristatum,
812 3416 1126 3479 poniturque
1163 3430 1283 3480 pars
1304 3429 1399 3480 pro
1422 3420 1548 3466 toto.

555 3492 639 3541 Ad
658 3490 890 3555 cannino]
927 3491 1095 3541 Grata
1117 3497 1199 3540 est
1220 3491 1333 3540 baec
1354 3490 1551 3541 vicissi-

497 3567 627 3617 tudo
650 3573 969 3631 serpentum,
990 3567 1097 3630 qui,
1128 3582 1243 3617 cum
1277 3581 1427 3617 aures
1459 3568 1550 3618 ob·

495 3649 699 3692 struere
744 3644 945 3692 soleant
980 3657 1047 3691 ne
1074 3645 1303 3696 cantando
1330 3659 1551 3706 rumpan-

494 3725 593 3782 tur,
612 3720 710 3770 huc
728 3726 901 3768 tamen
920 3718 1175 3767 accedunt
1191 3717 1415 3767 audituri
1434 3733 1552 3768 can-

495 3802 627 3844 tum.

564 3868 771 3933 Crinas]
822 3869 1043 3922 Quidam
1088 3869 1329 3920 dubitant
1379 3879 1552 3922 utrum

497 3958 692 4008 angues
716 3946 917 3995 cristati
938 3946 1073 3996 sint·
1102 3953 1339 3996 asserunt
1355 3948 1554 4011 Poetae,

498 4020 653 4068 immo
664 4027 719 4069 et
731 4021 1066 4085 Oratores,ut
1082 4021 1173 4072 lib.
1184 4026 1232 4074 4.
1248 4021 1554 4074 adflerenn.

502 4095 519 4122 ‘
559 4093 669 4144 Iste
716 4097 949 4161 quotidie
985 4113 1078 4162 per
1122 4097 1291 4148 forum
1330 4081 1553 4150 medium

504 4177 745 4234 tanquam
756 4173 972 4236 jubatus
998 4172 1154 4224 draco
1178 4173 1375 4238 serpit,’
1398 4167 1514 4223 ἂν..
1508 4161 1539 4190 ’

569 4249 629 4294 15
680 4245 858 4298 Ternas
889 4249 1097 4312 Hecate]
1142 4251 1282 4301 Nota
1322 4248 1554 4300 omnibns

1626 2437 1856 2489 Hecates
1891 2439 2220 2502 Tergemiuae
2251 2438 2438 2502 figura,
2470 2438 2579 2488 sive
2611 2438 2680 2488 ob

1621 2515 1880 2577 triplicem
1893 2515 2052 2562 Lunae
2062 2515 2278 2578 figuram
2283 2514 2452 2576 ,Luna
2470 2515 2684 2578 quippe,

1619 2591 1813 2652 Diana,
1849 2589 2058 2638 Hecate
2081 2603 2170 2638 seu
2203 2588 2533 2650 Proserpina,
2563 2593 2685 2637 sunt

1621 2679 1810 2715 numen
1833 2664 1988 2725 idem,
2003 2669 2288 2727 potestates
2303 2663 2551 2726 diversae3
2571 2661 2681 2711 sive

1622 2743 1743 2808 quia
1767 2741 1970 2790 Hecate
1974 2699 2244 2788 triformis
2265 2737 2596 2802 pingebatur,
2627 2743 2687 2788 et

1621 2817 1778 2866 trium
1821 2809 2115 2865 animalium
2155 2813 2446 2864 nominibus
2509 2813 2684 2864 vocari

1623 2889 1902 2954 gaudebat,
1934 2891 1950 2918 ‘
1970 2888 2167 2952 Tauri,’
2200 2889 2424 2952 ‘Oanis,'
2452 2888 2563 2938 et‘
2587 2889 2685 2938 Le·

1623 2981 1769 3016 aena».
1771 2965 1786 2987 '
1833 2963 2116 3014 Turnebus.

1690 3045 1755 3090 16
1787 3039 1959 3101 Lenis]
1991 3038 2194 3088 Alludit
2227 3036 2293 3086 ad
2329 3037 2550 3104 Lena-itm
2593 3053 2687 3088 seu

1624 3117 1910 3178 Bacchum,
1929 3117 2002 3164 sic
2027 3113 2221 3164 dictum
2246 3113 2338 3162 ἀπὸ
2359 3115 2522 3178 ληνοῦ,
2541 3131 2571 3164 ιι
2587 3120 2688 3164 tor·

1623 3193 1793 3255 calari,
1833 3206 1933 3256 quo
1960 3181 2264 3264 premuntur
2286 3205 2400 3241 nvae
2423 3191 2488 3240 ad
2510 3192 2684 3241 vinum

1629 3267 2038 3332 exprimendum.

1693 3343 1918 3391 Procedit
1934 3340 2150 3405 Iacchus]
2171 3340 2383 3402 Ἴακχος,
2400 3341 2492 3390 ἀπὸ
2509 3341 2596 3391 τοῦ
2615 3339 2684 3389 u-

1628 3433 1755 3480 χειν,
1775 3421 1979 3478 cantare,
1994 3415 2264 3479 vociferari,
2287 3417 2421 3480 quod
2447 3417 2536 3480 qui
2555 3418 2688 3466 Bae·
2735 3478 2740 3482 ι

1630 3493 1727 3544 cho
1764 3507 1908 3541 sacra
1943 3490 2196 3554 facerent,
2234 3491 2402 3540 omnia
2445 3497 2602 3540 cantu
2635 3496 2691 3541 et

1630 3567 1937 3618 clamoribus
1959 3567 2248 3630 implerent.
2316 3566 2420 3614 Sed
2441 3581 2536 3615 cur
2557 3565 2690 3614 Bac-

1632 3645 1756 3693 chus
1790 3643 1843 3692 in
1870 3643 2196 3707 Proserpinae
2233 3637 2462 3705 nuptiis?
2511 3641 2690 3690 Primo

1632 3720 1754 3783 quia
1795 3717 1859 3766 ad
1893 3717 2127 3767 laetitiam
2163 3718 2398 3766 Bacchus
2427 3717 2690 3780 Ceresque

1623 3796 1928 3868 junguntur.
1974 3787 2212 3854 Secundo
2236 3793 2354 3857 quia
2378 3793 2691 3853 Bacchns‚a

1633 3847 1950 3954 Proserpina
1983 3859 2250 3931 educatus,
2308 3866 2425 3916 cum
2461 3867 2552 3915 illa
2595 3880 2691 3929 per

1635 3923 1910 4020 triennium
1947 3944 2232 3996 habitavit.
2269 3941 2458 4007 quoda
2493 3940 2694 4005 quibus-

1636 3996 1772 4071 darii
1797 4007 2052 4070 ἵιίῐιιιιιιίιι
2093 4027 2188 4070 est·
2214 4018 2292 4068 his
2351 4015 2691 4081 temporibus,

1639 4099 1822 4163 quibus
1845 4103 1988 4146 ten-a
2011 4081 2228 4148 occulti!
2235 4095 2339 4144 vini
2379 4094 2572 4144 semina
2603 4093 2691 4146 lio·

1637 4173 1860 4226 minibus
1880 4171 2079 4224 invidit.
2181 4179 2190 4186 ·
