3184 4984
1197 375 1313 425 cl..
1359 375 1792 426 chumAm
1844 376 2071 426 XXVI.

525 520 794 588 Credite
822 543 998 588 nunc
1027 541 1282 610 omneS,
1312 540 1483 605 quas
1513 519 1662 584 dira
1692 520 2065 597 Britannia,
2096 526 2353 603 gentes,

526 623 721 704 Quas
752 625 1015 704 Hister,
1047 644 1224 709 quas
1255 624 1534 689 Rhenus
1565 624 1709 700 alit,
1737 624 2021 707 pendere
2047 627 2316 707 paratas

525 727 611 792 In
641 728 964 810 speculis.

1051 727 1209 792 Uno
1241 733 1340 792 tot
1365 726 1604 811 praelia
1630 726 1881 789 vincite
1902 725 2102 790 bello.

2604 724 2741 789 57⁰

525 827 910 894 Romanum
938 834 1242 914 reparate
1276 830 1512 905 decuS,
1543 828 1928 910 molemque
1958 826 2257 891 labantis

524 929 794 1013 Imperii
823 931 1054 995 fulcite
1081 933 1392 996 humeris.
1479 931 1623 996 Hic
1652 929 1881 994 omnia
1910 947 2191 1012 campus

521 1030 883 1097 Vindicat:
928 1032 1080 1098 haec
1103 1033 1348 1097 mundo
1375 1053 1617 1117 pacem
1646 1033 1933 1097 victoria
1960 1032 2195 1096 sancit.

526 1131 599 1198 N
601 1153 690 1197 on
717 1135 786 1197 in
812 1132 1140 1199 Threiciis
1171 1134 1405 1198 Hoemi
1437 1134 1855 1198 decernimus
1882 1134 2057 1198 oris:

526 1232 677 1299 Nec
709 1254 916 1317 super
943 1234 1242 1318 Alpheas
1272 1237 1645 1301 umbrantia
1676 1234 1979 1300 Maenala
2005 1233 2190 1318 ripas

2608 1233 2740 1300 575

525 1333 1004 1401 constitimus:
1049 1357 1184 1400 non
1213 1337 1326 1400 hic
1355 1336 1635 1420 Tegean
1661 1335 2022 1420 Argosque
2050 1342 2341 1400 tuemur.

524 1436 924 1502 Visceribus
955 1439 1218 1517 mediis,
1249 1440 1536 1523 ipsoque
1565 1442 1635 1503 in
1668 1439 1863 1504 corde
1893 1438 2144 1502 videtis

525 1537 722 1603 Bella
748 1540 907 1621 geri.

999 1541 1270 1604 Patrem
1299 1542 1560 1624 clypeis
1592 1541 1923 1604 defendite
1955 1539 2277 1622 Thybrin.

521 1637 723 1705 Talia
748 1660 924 1704 nunc
954 1641 1190 1724 pediti,
1221 1645 1665 1708 turmae'nunc
1697 1642 1951 1705 mixtus
1981 1642 2301 1724 equestri,

523 1769 646 1820 data
665 1771 805 1821 Auia·
826 1773 1030 1838 utrique
1051 1773 1339 1823 alternatim.
1406 1774 1584 1822 Putate
1603 1772 1711 1832 jam
1741 1774 1937 1836 populos
1969 1786 2141 1832 omnes,
2180 1785 2296 1834 quos
2315 1769 2497 1833 Anglia
2532 1771 2735 1822 erudelis

519 1835 697 1894 nutrit,
717 1851 832 1899 quos
852 1837 1120 1897 Danubius,
1158 1852 1271 1900 quos
1293 1838 1502 1899 means,
1533 1851 1775 1900 suspensos
1805 1842 1853 1885 et
1874 1837 2108 1885 accinctos
2145 1849 2415 1884 remanere
2436 1835 2489 1884 in
2506 1837 2733 1887 excubiis.

529 1899 636 1948 Uno
672 1899 786 1949 bello
807 1901 1078 1962 extinguite
1101 1907 1172 1951 tot
1194 1902 1313 1952 bellu
1327 1901 1528 1950 futura.
1600 1900 1861 1962 Restituife
1881 1901 2101 1950 honorem
2132 1900 2409 1960 Romanum,
2429 1904 2478 1949 et
2504 1901 2732 1950 sustinete

519 1963 728 2012 humeris
744 1965 1009 2014 machinam
1029 1966 1188 2026 Regni
1206 1965 1473 2015 titubantis.
1508 1965 1613 2013 Hic
1629 1966 1875 2040 conflictus
1894 1965 2135 2013 ulciscitur
2156 1966 2339 2012 omnia:
2371 1963 2448 2012 hic
2469 1964 2735 2028 triumphu

699 2027 802 2077 orbi
819 2044 996 2092 pacem.
1047 2031 1214 2093 Neque
1230 2044 1353 2078 vero
1371 2029 1670 2090 confligimus
1691 2044 1745 2077 in
1754 2028 1942 2090 finibus
1964 2028 2155 2077 Thracii
2181 2027 2347 2076 Haemi
2370 2029 2736 2091 montis,neque

522 2096 701 2142 damus
721 2093 784 2141 ad
825 2093 1086 2142 Moenalum
1121 2101 1347 2142 montem
1381 2085 1731 2142 obumbrantem
1752 2093 1892 2142 littus
1913 2092 2104 2156 Alphei.
2174 2091 2286 2140 Non
2324 2092 2401 2140 hic
2442 2091 2735 2152 defendimus

527 2155 714 2216 Tegean
735 2160 784 2204 et
816 2158 1010 2217 Argen,-
1041 2158 1258 2220 aspicitis
1279 2158 1398 2206 bella
1431 2157 1603 2216 inferri
1632 2157 1800 2205 mediis
1833 2157 2111 2216 visceribus,
2143 2161 2189 2204 et
2210 2156 2344 2204 cordi
2373 2155 2494 2218 ipsi.-
2523 2171 2732 2219 propug-

521 2223 634 2268 nate
652 2218 830 2283 Tybris
849 2225 1036 2283 patrem
1050 2222 1195 2270 acutis
1213 2221 1420 2270 vestris.
1456 2221 1677 2269 Stilicho
1690 2221 1960 2284 permixtus
1980 2220 2227 2272 militibus
2251 2219 2434 2269 dicebat
2454 2220 2554 2269 haec
2573 2221 2733 2284 verba,

1449 2325 1747 2350 4900000000
1753 2331 1809 2349 00

523 2407 606 2458 pr.
628 2393 772 2444 Med.
795 2401 966 2459 quart.
1020 2397 1137 2446 socii
1157 2399 1277 2446 dura
1315 2397 1500 2447 Sched.
1539 2398 1841 2448 Gna—5¹70
1874 2397 2049 2446 vincite
2068 2397 2193 2446 Vct.
2220 2396 2385 2460 quint.
2419 2395 2612 2446 Moret.
2654 2411 2738 2462 pr.

523 2458 711 2506 sincere
729 2459 880 2509 Rott.
905 2462 1026 2513 Jun.
1048 2474 1132 2525 ρι’.
1149 2462 1298 2510 Voss.
1319 2463 1443 2512 Lov.
1467 2478 1532 2512 m.
1557 2478 1637 2525 pr.
1664 2463 1798 2512 Exc.
1820 2462 2199 2512 (ἤνοπι-671
2234 2475 2492 2524 moremque
2509 2462 2632 2512 Jun.
2651 2477 2732 2526 pr.

523 2522 736 2572 cadentis
767 2524 950 2576 Petav.
974 2531 1102 2577 tert.
1155 2526 1355 2575 labenti·
1394 2528 1517 2576 Vat.
1557 2542 1663 2576 sec.
1701 2529 2019 2577 Faria—572
2050 2526 2150 2574 haec
2186 2525 2345 2573 omnia
2381 2525 2553 2574 Oxon.
2584 2541 2735 2588 pr.—

523 2590 622 2635 ⁵⁷3
679 2586 908 2639 Vendit-at
929 2591 1121 2639 Moret.
1145 2605 1226 2653 pr.
1282 2592 1367 2639 hoc
1406 2591 1518 2641 Pal.
1565 2591 1732 2640 sanxit
1766 2592 1893 2640 Lov.
1931 2590 2104 2640 Oxon.
2128 2593 2372 2652 ρι’.-674
2404 2588 2549 2638 hinni
2587 2591 2735 2643 Med.

525 2665 630 2700 sec.
650 2652 802 2701 Voss.
825 2653 974 2702 Leid.
1009 2668 1111 2705 sec.
1166 2655 1460 2704 desumimus
1493 2656 1675 2705 Ambr.
1698 2670 1801 2705 sec.
1854 2653 2143 2704 decrevimus
2178 2654 2301 2702 Vat.
2326 2667 2405 2715 pr.
2449 2654 2591 2704 Med.
2628 2670 2736 2707 sec.

524 2715 725 2765 Mazar.
750 2716 880 2765 Exc.
905 2717 1031 2767 Cod.
1054 2719 1402 2767 Rheni.—575
1428 2721 1538 2768 Non
1562 2719 1677 2768 Pal.
1701 2720 1845 2769 Med.
1868 2734 1946 2781 pr.
1970 2719 2096 2767 Put.
2122 2717 2321 2767 Mazar.
2355 2716 2583 2767 libr-antia
2599 2720 2734 2784 Reg.

523 2779 719 2829 Moret.
748 2793 853 2828 sec.
887 2781 1126 2831 vibrantia
1147 2783 1269 2830 Vat.
1293 2782 1457 2846 quint.
1486 2785 1681 2833 Moret.
1705 2797 1785 2846 pr.
1809 2783 1913 2831 inc.
1938 2782 2122 2830 Heius.
2147 2782 2276 2830 Exc.
2299 2781 2616 2832 Laeti.—5⁷6
2650 2786 2735 2833 In·

524 2843 736 2892 uicimus
771 2843 944 2894 Oxou.
976 2859 1054 2908 pr.
1109 2845 1295 2907 Tegean
1332 2847 1456 2895 Vat.
1499 2861 1608 2896 sec.
1643 2848 1806 2896 Oisel.
1846 2845 1992 2896 Med.
2033 2852 2202 2908 quart.
2237 2846 2339 2895 inc.
2381 2845 2566 2896 Heius.
2606 2849 2737 2912 Reg.

523 2906 726 2956 Thuan.
763 2907 962 2956 Mazar.
1001 2909 1209 2958 Tholas.
1231 2911 1359 2959 Ver.
1383 2911 1485 2960 LI..
1524 2925 1554 2960 e
1593 2925 1755 2972 marg.
1792 2912 1968 2960 Parin.
2028 2911 2231 2971 Tegeam
2268 2908 2371 2959 duo
2395 2910 2549 2970 Vatt.
2578 2911 2735 2963 Rott.

529 2970 822 3033 regemque
842 2970 1026 3022 Ambr.
1048 2979 1170 3022 tert.
1219 2975 1402 3036 Tegees·
1421 2975 1548 3026 Jun.
1571 2990 1654 3039 pr.
1680 2974 1825 3028 Med.
1850 2989 1931 3038 ρι’.
1956 2974 2118 3024 Gesn.
2142 2979 2201 3024 et
2221 2973 2306 3023 ed.
2330 2974 2541 3037 Bipont.
2588 2977 2739 3037 Tege·

523 3033 598 3082 tiu
619 3034 787 3084 Oxon.
810 3051 888 3100 pr.
920 3052 1149 3100 agrosque
1169 3038 1374 3088 Tholos.
1395 3040 1619 3088 timemur
1639 3039 1948 3090 Pria—5⁷8
1961 3038 2176 3100 patrium
2197 3035 2375 3088 Ambr.
2399 3046 2523 3088 tert.
2564 3041 2735 3092 Tibrim

524 3095 675 3146 Leid.
709 3113 790 3161 ρι’.
844 3100 1026 3164 Tybri»
1048 3103 1234 3152 Petam
1257 3117 1360 3152 sec.
1422 3104 1609 3153 Tibrim
1641 3111 1863 3167 quatuor
1882 3104 2028 3154 Vatt.
2051 3103 2167 3152 Pal.
2191 3101 2341 3151 Rott.
2366 3103 2493 3152 Exc.
2516 3103 2736 3155 Laeti.—

526 3165 624 3211 5⁷9
669 3164 886 3227 peditum
917 3165 1110 3216 Mol-et.
1157 3181 1266 3217 sec.
1300 3167 1454 3216 turba
1477 3166 1662 3217 Ambr.
1685 3173 1805 3219 tert.
1838 3171 2051 3232 equester
2071 3167 2357 3216 Pub-58⁰
2391 3181 2514 3217 nunc
2528 3169 2738 3219 externis

1523 3280 1739 3331 NOTAE

542 3421 548 3426 ,
589 3375 690 3422 569
719 3371 928 3422 Paratus
942 3373 994 3422 iu
1009 3375 1230 3439 speculis]
1263 3375 1463 3426 Gentes
1485 3391 1590 3426 om·
1670 3391 1756 3426 mo
1772 3377 1984 3428 turbare
2007 3377 2239 3428 audebit.

525 3461 620 3496 nes
661 3453 804 3497 stant
845 3449 898 3497 in
945 3450 1190 3514 speculis,
1245 3454 1586 3515 expectantes

525 3527 770 3572 eventum
816 3524 962 3588 hujus
1000 3541 1222 3590 pugnae:
1258 3528 1300 3576 si
1336 3527 1590 3591 cadimus,

524 3603 728 3661 paratae
748 3605 868 3648 sunt
905 3600 1095 3649 bellum
1119 3602 1268 3652 nobis
1287 3601 1513 3653 inferre:
1547 3605 1592 3652 si

525 3672 799 3735 vincimus,
822 3675 1107 3738 quiescent.

589 3754 687 3799 5⁷⁰
727 3751 832 3800 Uno
851 3757 922 3800 tot
939 3754 1132 3818 prelia]
1165 3755 1280 3803 Uno
1304 3756 1487 3818 praelio
1509 3761 1591 3808 tot

526 3828 710 3892 praelia
733 3826 910 3878 futura
931 3829 1147 3890 vincite,
1165 3830 1470 3893 extinguite.

591 3907 688 3952 672
727 3903 954 3967 Campus]
989 3903 1095 3954 Hic
1121 3910 1202 3954 est
1225 3904 1518 3970 conflictus,
1538 3907 1590 3957 in

525 3977 624 4028 hoc
646 3993 855 4041 campo,
898 3979 940 4027 si
966 3980 1246 4040 vincamus,
1287 3980 1591 4032 ulciscemur

526 4066 704 4102 omnes
729 4054 945 4118 injurias
969 4054 1116 4104 nobis
1139 4055 1331 4104 illatas.

593 4135 690 4180 5⁷3
724 4131 916 4195 Sancit]
971 4133 1151 4184 Sancit
1197 4149 1382 4197 pacem
1445 4136 1592 4185 velut

474 4219 494 4224 ‘
527 4219 640 4258 rem
673 4221 876 4258 sacram
918 4215 1274 4276 sanctamque,
1315 4225 1466 4278 quam
1499 4226 1595 4262 ne·

1736 3460 1833 3506 574
1866 3456 2054 3519 Hoemi]
2087 3456 2289 3505 Montis
2312 3457 2568 3508 'l'hraciae-
2660 3473 2677 3486 ·

1736 3534 1830 3579 675
1864 3531 2095 3594 Alpheas]
2127 3529 2359 3595 Alpheus
2376 3531 2617 3584 Arcadiae
2640 3533 2737 3585 flu·

1670 3606 1783 3656 vius
1804 3608 1859 3656 in
1881 3608 2034 3658 Elide
2055 3625 2070 3670 3
2120 3610 2394 3671 Maenslus,
2416 3625 2597 3673 mons3
2629 3612 2734 3662 Te-

1672 3696 1788 3746 gea,
1824 3683 1948 3732 urbs
1968 3685 2023 3734 in
2061 3685 2244 3735 eadem
2285 3685 2547 3736 Arcadia:
2587 3688 2729 3752 quod

1672 3764 1882 3820 spectat
1917 3760 2107 3824 Argos,
2136 3763 2316 3810 multae
2339 3770 2459 3811 sunt
2482 3764 2626 3828 hujus
2648 3779 2737 3813 no·

1672 3834 1822 3884 minis
1862 3837 2013 3886 urbes
2037 3837 2091 3886 in
2115 3839 2355 3899 Graecia;
2409 3840 2521 3889 haec
2560 3847 2640 3890 est
2676 3839 2734 3890 in

1672 3909 2053 3975 Peloponneso.

1735 3991 1797 4036 5⁷
1801 3991 1831 4036 7
1866 3988 2063 4052 Ipsoque
2083 3990 2135 4038 in
2155 3989 2314 4053 corde]
2348 3992 2525 4055 Prope
2545 3992 2729 4042 urbem

1671 4061 1905 4125 Romam,
1927 4079 2042 4128 quoe
2066 4071 2148 4114 est
2167 4067 2313 4116 velut
2333 4080 2423 4116 cor
2444 4067 2680 4132 Imperii.

1736 4141 1833 4190 678
1865 4139 2067 4189 Patrem
2092 4141 2323 4206 Thybrin]
2344 4143 2449 4196 Qui
2470 4159 2561 4194 vos
2584 4144 2734 4199 aluit.
