3184 4984
570 330 706 403 ⁶26
1213 300 1225 316 ’
1278 350 1392 417 cr„
1439 349 1870 401 emuniuit
1916 350 2063 434 ¹¹?

575 491 657 557 In
684 494 924 571 lucem,
955 493 1184 557 foetere
1213 512 1415 571 mero,
1443 491 1819 575 dispergere
1847 494 2157 577 plausum
2246 562 2255 575 ,
2352 518 2359 526 ·
2694 494 2785 580 85

575 592 885 659 Emturas
912 594 978 657 in
1008 595 1244 676 vulgus
1274 612 1469 675 opeS,
1501 599 1818 676 totosque
1849 595 2123 661 theatris

577 692 922 777 Indulgere
952 694 1121 773 dies,
1153 696 1348 759 alieni
1381 697 1703 778 prodigus
1734 699 1898 761 auri.

663 796 759 862 At
785 817 996 876 soror,
1025 803 1114 874 et,
1145 799 1206 861 si
1235 799 1398 883 quid
1425 799 1749 883 portentis
1772 798 2081 879 creditur,
2108 816 2306 883 uxor,

578 900 922 967 Mulcebat
952 908 1198 967 matres
1229 905 1469 987 epuliS,
1499 908 1566 967 et
1593 923 1777 967 more
1808 903 2073 986 pudicae

576 1000 900 1089 Conjugis
931 1006 1217 1070 eunuchi
1248 1007 1627 1070 celebrabat
1657 1013 1815 1070 vota
1843 1008 2082 1082 mariti.
2698 1007 2785 1077 90

575 1092 777 1171 Hanc
809 1112 1011 1185 amat,
1041 1107 1216 1171 hanc
1247 1128 1505 1172 summa
1533 1110 1617 1173 de
1646 1128 1740 1186 re,
1772 1108 1881 1173 vel
1911 1128 2082 1192 pace
2112 1108 2222 1173 vel
2250 1107 2479 1187 armis,

577 1206 916 1288 Consulit3
946 1209 1107 1273 huic
1140 1229 1334 1273 curas
1365 1216 1430 1274 et
1458 1212 1691 1275 clausa
1720 1211 1975 1294 palatia
2002 1210 2295 1289 mandat,

577 1308 722 1375 Ceu
755 1312 1102 1374 stabulum
1131 1331 1547 1396 vacuamque
1577 1312 1868 1376 domum.
1958 1312 2074 1376 Sic
2106 1330 2346 1395 magna
2368 1311 2537 1377 tueri

577 1410 818 1493 Regna
847 1400 1013 1478 nihil
1030 1415 1060 1477 'l
1107 1414 1502 1497 patiensque
1524 1412 1685 1497 jugi.
1704 1413 2033 1478 deluditur
2062 1414 2244 1478 orbis
2266 1414 2297 1477 'l

663 1512 896 1578 Mitior
927 1515 1248 1580 alternum
1282 1516 1574 1600 Zephyri
1596 1518 1737 1601 Jam
1764 1517 1998 1581 bruma
2026 1520 2320 1598 teporem
2694 1514 2785 1583 95

577 1613 914 1692 Senserat,
945 1620 1011 1679 et
1037 1615 1233 1700 primi
1262 1618 1588 1681 laxabant
1617 1618 1906 1699 germina
1932 1616 2153 1683 flores,
2226 1652 2233 1659 ·

573 1806 694 1859 mle
715 1807 837 1855 olere
859 1807 982 1865 vino,
1000 1821 1225 1870 spargere
1245 1808 1296 1856 in
1317 1808 1536 1870 populum
1557 1807 1774 1871 divitias,
1794 1812 2001 1857 emturas
2011 1807 2231 1867 favorem
2262 1808 2585 1871 popularem,
2614 1813 2663 1858 et
2676 1824 2786 1871 pro-

565 1869 774 1929 fundens
790 1886 900 1931 opes
915 1872 1112 1930 alienos,
1135 1873 1269 1921 solet
1289 1880 1452 1920 vacare
1475 1871 1677 1921 theatris
1700 1887 1795 1935 per
1824 1873 1926 1920 dies
1946 1876 2087 1920 totos·
2154 1871 2250 1921 Sed
2264 1886 2411 1933 soror,
2430 1878 2477 1921 et
2489 1874 2534 1921 si
2556 1873 2787 1937 quafides

573 1934 872 1983 adhiberetur
888 1934 1126 1999 monstris,
1149 1936 1331 1984 eadem
1355 1936 1526 1996 conjux
1547 1936 1807 1999 Eutropii,
1822 1936 2076 1985 deliniebat
2093 1941 2269 1985 matres
2290 1936 2530 1999 conviviis,
2564 1941 2613 1986 et
2634 1937 2791 1987 instar·

577 1999 742 2046 uxoris
770 2005 911 2047 castae
940 1999 1194 2061 peragebat
1215 2000 1441 2076 honores
1477 1999 1659 2049 votivos
1678 2000 1875 2049 eunuchi
1894 2000 2121 2061 conjugis.
2186 1999 2373 2059 Diligit
2396 2000 2533 2063 hanc,
2554 2002 2788 2051 consultat

575 2061 695 2109 hauc
733 2065 791 2111 de
827 2064 1031 2124 negotiis
1069 2064 1271 2126 mog-nis,
1315 2066 1389 2113 vel
1427 2079 1481 2112 m
1499 2078 1636 2127 poce,
1656 2065 1727 2113 vel
1748 2066 1799 2112 in
1820 2064 1938 2113 bello
1959 2080 1979 2123 ,·
2001 2064 2257 2113 committit
2279 2064 2389 2113 huic
2407 2079 2546 2113 curas
2582 2079 2718 2125 ωας,
2738 2070 2787 2115 et

573 2125 782 2188 Regiam
797 2129 1021 2189 clausam,
1041 2129 1166 2177 sicut
1177 2128 1428 2191 proesepia,
1450 2134 1497 2176 et
1513 2129 1689 2177 Aulam
1706 2129 1909 2177 inanem.
1976 2128 2115 2177 Itane
2130 2128 2253 2175 nihil
2270 2134 2350 2176 est
2365 2143 2531 2190 regere
2552 2129 2749 2191 imperia
2764 2128 2791 2181 2²

575 2190 714 2241 Itane
736 2194 934 2240 mundus
964 2193 1169 2241 tolerans
1188 2192 1432 2241 servitutis
1451 2190 1716 2242 illuditur?
1748 2194 1865 2241 Jam
1886 2192 2045 2255 hy'ems
2080 2192 2229 2241 lenior
2250 2198 2447 2255 experta
2468 2198 2571 2243 erat
2588 2196 2789 2243 calorem

1503 2318 1685 2338 ”m
1690 2318 1864 2339 ““““

576 2398 722 2449 Med.
764 2400 962 2448 T'liuan.
1003 2399 1204 2451 Mazar.
1249 2400 1428 2451 Ambr.
1472 2416 1576 2451 sec.
1622 2402 1815 2451 Mon-et.
1862 2416 1969 2451 sec.
2022 2417 2125 2465 quoe
2157 2403 2240 2451 vel
2262 2418 2374 2467 quos
2395 2402 2534 2453 Prie.
2559 2404 2789 2453 Florent.

577 2464 786 2513 tumidus
800 2466 903 2512 leno
921 2464 1112 2515 Moret.
1135 2479 1213 2527 pr.
1233 2464 1353 2515 Ald.
1409 2467 1511 2514 leno
1533 2466 1745 2515 tumidus
1776 2466 1910 2529 Reg.
1962 2482 2135 2515 coenoes.
2160 2482 2278 2517 cum
2295 2467 2459 2532 τελείᾳ
2475 2469 2654 2533 στιγμῇ
2675 2468 2791 2517 Μο-

577 2534 675 2577 ret.
699 2542 776 2590 pr.
803 2528 1046 2577 Heinsius
1069 2529 1402 2592 ascripserat,
1439 2531 1512 2579 sic
1551 2532 1566 2557 ‘
1586 2531 1640 2577 in
1664 2531 1836 2579 lucem
1861 2530 2061 2593 potare'
2087 2531 2288 2581 Histor.
2316 2531 2449 2595 Aug.
2474 2548 2526 2595 p.
2550 2534 2679 2583 46.1.
2699 2542 2789 2583 111.

581 2597 639 2641 et
654 2592 669 2619 ‘
690 2592 892 2641 trahere
909 2606 1103 2643 coenam
1122 2594 1176 2643 in
1195 2594 1419 2643 noctem'
1447 2610 1501 2658 p.
1519 2598 1599 2643 36.
1623 2595 1659 2643 l.
1675 2599 2001 2645 xxxix—85
2013 2594 2175 2655 secere
2188 2596 2314 2645 Var.
2332 2598 2437 2649 LL.
2452 2596 2612 2646 Antv.
2624 2612 2692 2645 m.
2707 2610 2790 2659 pr.

571 2657 836 2720 plaustrum
859 2656 1004 2707 Leid.
1044 2670 1124 2717 pr.
1149 2672 1216 2707 m,
1239 2672 1317 2719 pr.
1339 2659 1462 2709 Jun.
1483 2673 1562 2721 pr.
1582 2660 1757 2708 Oxou.
1781 2672 1883 2707 sec.
1906 2660 2052 2707 Rott.
2077 2660 2238 2710 Oisel.
2274 2674 2343 2708 m.
2368 2674 2472 2709 sec.
2497 2660 2641 2709 Med.
2660 2665 2787 2711 tert.

577 2720 704 2771 Put.
729 2735 798 2767 m.
818 2734 892 2783 pr.
917 2720 1019 2769 duo
1035 2719 1220 2771 PetaV.
1243 2722 1446 2773 Bonon.
1472 2722 1591 2772 Pat.
1616 2737 1685 2770 m.
1710 2737 1787 2784 pr.
1811 2722 1935 2771 Lov.
1961 2737 2027 2771 m.
2050 2738 2129 2785 pr.
2154 2732 2211 2774 et
2233 2724 2559 2773 emendatum
2574 2726 2791 2787 plapssm

573 2784 710 2833 Exc.
729 2783 947 2833 Gevart.
982 2786 1154 2846 plausu
1176 2785 1365 2835 Petav.
1383 2800 1463 2849 pr.
1485 2784 1666 2834 Ambr.
1685 2800 1789 2835 sec.
1813 2784 1895 2835 ed.
1918 2786 2092 2836 Vicet.
2118 2788 2239 2836 Var.
2260 2789 2364 2840 LL.
2389 2803 2419 2837 e
2436 2803 2593 2851 marg.
2612 2788 2790 2839 Parm-

571 2849 790 2912 plausum
827 2849 911 2896 vel
943 2851 1206 2909 plaustrum
1245 2850 1505 2911 Reg.-—86
1541 2850 1704 2897 Ituras
1744 2850 1867 2899 Vat.
1912 2855 2034 2899 tert.
2103 2852 2304 2915 totisque
2358 2852 2544 2901 Petav.
2601 2858 2784 2902 tert.—

578 2916 644 2961 88
671 2914 883 2975 portenti
916 2912 1101 2961 Petav.
1144 2926 1247 2961 sec.
1299 2912 1508 2979 portenti
1545 2914 1626 2961 vel
1660 2914 1897 2975 portentis
1931 2914 2197 2978 Reg.-89
2228 2916 2500 2965 Mulcebant
2521 2918 2643 2965 Vat.
2668 2922 2791 2967 tert.

577 2976 722 3025 coenis
737 2976 860 3026 Jun.
879 2991 959 3039 pr.
1014 2978 1183 3027 matris
1203 2978 1360 3039 epulas
1381 2977 1556 3026 Oxon.
1579 2990 1684 3026 sec.
1736 2978 1853 3026 etin
1875 2993 1954 3027 ore
1975 2980 2100 3028 Lov.
2124 2995 2189 3031 m.
2213 2984 2418 3043 pr.—91
2454 2982 2514 3029 de
2534 2995 2587 3030 re
2606 2994 2789 3029 summa

578 3040 699 3091 Jnn.
717 3045 926 3103 pra—92
959 3041 1059 3090 hoec
1095 3054 1232 3089 curas
1270 3043 1389 3090 Put.
1418 3056 1483 3091 m.
1509 3055 1584 3102 pr.
1640 3056 1780 3090 curas
1800 3042 1883 3089 vel
1906 3057 2037 3092 ceras
2056 3044 2179 3094 Vat.
2202 3058 2280 3106 pr.
2338 3058 2475 3100 curas
2500 3046 2579 3093 vel
2602 3058 2793 3094 caussas

579 3102 726 3155 Med.
749 3118 852 3153 sec.
897 3106 1026 3152 clusa
1047 3105 1174 3153 Exc.
1199 3106 1474 3154 Laeti-93
1511 3106 1789 3167 viduamque
1824 3107 1925 3154 duo
1945 3108 2087 3156 Vatt.
2130 3108 2269 3157 Pric.
2306 3107 2493 3157 Petav'.
2534 3122 2614 3171 pr.
2660 3109 2789 3158 Exc-

577 3166 700 3217 Pat.
722 3182 828 3217 rec.
882 3182 1161 3230 vacuamque
1200 3171 1280 3216 vel
1322 3170 1601 3231 viduamque
1624 3170 1752 3231 Reg.
1779 3169 1948 3219 Oxon.
1983 3175 2194 3234 pr.--94
2216 3172 2310 3221 uiti
2333 3186 2427 3234 pro
2450 3172 2573 3221 nihil
2590 3172 2675 3222 ed.
2698 3173 2793 3222 Vi·

579 3236 686 3281 eet.
738 3232 863 3280 nihil
880 3233 962 3283 vel
978 3236 1113 3293 putot
1139 3234 1265 3282 Exc.
1290 3233 1568 3283 Laeti.——95
1604 3234 1837 3297 Zephyris
1856 3236 1978 3283 Vat.
2001 3250 2107 3285 sec.
2140 3236 2255 3287 Pal.
2295 3236 2439 3288 Med.
2476 3251 2557 3300 pr.
2594 3236 2790 3287 Mazar-

581 3296 841 3347 ἱππ-96
867 3296 1086 3359 germina
1121 3296 1240 3345 Vat.
1275 3310 1352 3359 pr.
1391 3296 1492 3347 inc.
1527 3297 1712 3347 Heius.
1746 3300 1876 3349 Exc.
1910 3300 2046 3348 Laeti
2090 3307 2148 3350 et
2179 3302 2399 3350 Lucens.
2438 3315 2516 3363 pr.
2568 3300 2793 3363 gramina

1580 3416 1631 3465 N
1637 3414 1800 3464 OTAE

581 3528 842 3592 Byzantii,
864 3528 1002 3593 quod
1027 3532 1148 3577 ante
1171 3529 1322 3590 Ligos
1344 3528 1646 3579 vocabatur.
1726 3544 1835 3577 rem
1856 3529 2089 3577 Deorum
2112 3542 2179 3576 ex
2201 3533 2323 3577 voto
2351 3528 2596 3589 peractis.

581 3602 956 3651 Constantinus
975 3603 1270 3665 Imperator
1285 3604 1458 3653 sedem
1474 3604 1651 3668 posuit
1791 3606 1855 3653 93
1893 3606 1993 3652 Ceu
2044 3603 2297 3667 stabulum]
2378 3605 2483 3653 Pro
2532 3602 2791 3661 dedecus}

581 3676 842 3740 Byzantii,
865 3683 920 3726 et
945 3693 1035 3727 sno
1059 3680 1263 3729 nomine
1294 3680 1651 3730 Constantino·
1728 3680 2023 3729 committit
2066 3678 2255 3731 Aulam
2294 3681 2458 3744 uxori,
2490 3681 2636 3745 quasi
2658 3696 2795 3733 com·

582 3754 726 3823 polin
749 3758 1048 3819 appellavit.
1289 3776 1297 3802 ι
1726 3754 1962 3809 mitteret
1984 3770 2160 3806 curam
2186 3757 2395 3819 stabuli,
2415 3763 2505 3806 aut
2522 3757 2722 3819 domus,
2737 3757 2794 3807 in

645 3836 710 3882 85
746 3834 932 3883 Foetere
981 3848 1126 3897 mero,
1171 3834 1278 3899 ξπ]
1342 3834 1601 3883 Martialis
1628 3850 1643 3882 t
1729 3845 1832 3895 qua
1853 3830 2024 3881 'nemo
2063 3832 2313 3894 degeret:
2387 3833 2467 3881 vel
2512 3833 2793 3883 committit

580 3910 598 3936 ⁸
622 3908 898 3959 Nocturno
943 3908 1128 3958 foetere
1166 3924 1308 3958 mero
1343 3909 1428 3972 qui
1471 3908 1641 3958 credit
1727 3908 1927 3970 palatia
1970 3921 2061 3956 seu
2105 3908 2401 3970 magnificas
2440 3923 2559 3957 suas
2597 3907 2797 3972 domos,

583 3980 854 4040 Acerram,
875 3985 1122 4045 Fallitur3
1156 3985 1207 4033 in
1241 3986 1410 4034 lucem
1443 3998 1649 4048 semper
1729 3997 1843 4047 quae
1868 3998 2045 4032 vacuae
2070 3992 2191 4034 sunt
2211 3984 2332 4033 filiis
2371 4000 2461 4034 seu
2482 3983 2792 4034 haeredibus.

583 4058 786 4113 Acerra
808 4062 976 4110 bibit)
1789 4063 1853 4107 95
1900 4058 2176 4122 Alternum]
2252 4062 2508 4124 Teporem
2564 4058 2793 4125 Zephyri

647 4138 714 4184 89
747 4135 958 4197 Matres]
1003 4133 1257 4185 Foeminas
1303 4135 1530 4184 illustres
1562 4133 1651 4185 de·
1728 4134 2039 4184 redeuntem
2059 4135 2275 4187 alternis
2298 4135 2515 4187 vicibus.

581 4209 848 4261 mulcebat
863 4211 1031 4275 epulis
1048 4226 1082 4260 a
1100 4211 1287 4261 marito
1309 4225 1403 4261 suo
1418 4212 1473 4260 in
1492 4209 1649 4261 hono-
