3184 4984
558 343 690 420 898

560 509 871 586 SedibuS,
899 513 968 573 et
996 507 1245 572 claram
1274 506 1654 592 dispergere
1685 508 1974 572 culmina
1999 506 2246 584 lucem,

556 607 935 676 Adventum
964 614 1207 674 testata
1236 609 1389 674 Dei.
1478 609 1634 674 Jam
1663 629 1946 692 magnus
1976 611 2061 674 ab
2089 610 2246 695 iniis

557 707 847 775 Auditur
876 712 1173 776 fremitus
1200 713 1416 788 terriS,
1444 711 1898 794 templumque
1923 699 2204 792 remugit

562 810 984 898 Cecropium,
1016 821 1424 897 sanctasque
1454 812 1642 878 faces
1672 813 1940 878 extollit
1965 811 2264 878 Eleusin.

561 911 832 997 Angues
850 915 1245 998 Triptolemi
1274 916 1573 992 stridunt,
1607 920 1674 978 et
1703 934 2026 998 squamea
2053 914 2281 978 curvis

1196 363 1323 414 '0100
1368 363 1800 442 ouAUmANl
1850 363 2152 416 XXXHI‘.

2679 708 2770 774 lo,

560 1068 884 1126 umentibus,
916 1072 965 1116 et
996 1082 1173 1118 eorum
1195 1067 1405 1134 fastigia
1434 1069 1640 1128 suadere
1679 1069 1834 1117 lumen
1853 1067 2076 1128 nitidum,
2107 1064 2160 1114 in
2197 1064 2513 1114 testimonium
2543 1063 2644 1112 Dei
2676 1063 2760 1112 ud·

560 1133 815 1182 oenientia:
834 1132 941 1192 jaon
978 1132 1115 1181 audio
1150 1133 1317 1194 ingens
1348 1148 1557 1182 murmur
1601 1131 1766 1182 exiens
1803 1147 1865 1180 ex
1895 1130 2144 1194 profundis
2183 1129 2418 1177 cavernis
2443 1135 2586 1177 terra
2602 1144 2618 1176 .·
2649 1131 2767 1176 tem·

558 1198 695 1262 plum
714 1196 1071 1246 Atheniensium
1089 1201 1289 1258 resonat,
1320 1202 1369 1246 et
1408 1197 1528 1246 urbs
1572 1197 1763 1245 Eleusis
1798 1195 1990 1244 extollit
2029 1196 2178 1242 toedas
2214 1193 2393 1242 Cereri
2417 1206 2590 1242 sacras.
2655 1191 2766 1240 Ser·

561 1266 730 1326 pentes
768 1259 980 1323 sibilant,
1011 1265 1060 1309 et
1103 1262 1324 1309 attollunt
1361 1263 1475 1310 colla
1512 1267 1656 1310 tecte
1697 1261 1920 1323 quomis,
1953 1258 2128 1308 attritu
2143 1257 2281 1320 jugis
2311 1257 2519 1306 curvatis
2529 1271 2548 1314 ;
2578 1271 2635 1305 uc
2675 1256 2804 1305 leni·

1484 1385 1842 1408 OOOOOOOOOOOO

567 1465 832 1516 Pectore!
864 1475 920 1518 et
943 1467 1126 1517 Ouzel.
1150 1467 1202 1516 in
1218 1468 1419 1518 Minuc.
1438 1484 1491 1532 ρ.
1512 1474 1695 1518 tim—8
1727 1469 1930 1520 eulmina
1953 1467 2136 1516 Heius.
2160 1465 2248 1530 qui
2267 1464 2510 1530 ascripsit
2529 1466 2665 1515 Stat.
2683 1477 2770 1516 111.

566 1529 727 1580 Theb.
750 1535 833 1580 87.
868 1536 883 1559 ·
910 1540 1033 1581 tunc
1060 1533 1170 1580 visa
1190 1532 1350 1580 levari
1374 1533 1645 1582 eulmina:
1678 1534 1842 1582 limina
1861 1531 1984 1581 Vnt.
2007 1546 2085 1593 ρι’.
2116 1530 2242 1581 Jun.
2281 1544 2385 1580 sec.
2421 1530 2607 1578 Petav.
2646 1535 2772 1580 tert.

568 1593 769 1644 Bonon.
792 1595 915 1644 Vat.
943 1595 1105 1644 Livin.
1126 1596 1305 1644 lumina
1345 1596 1471 1645 Cod.
1512 1597 1802 1646 Bartliolin.
1835 1611 1949 1645 cum
1987 1595 2167 1656 viginti
2205 1594 2340 1655 aliis,
2378 1593 2461 1642 ed.
2501 1594 2678 1641 Purm.
2717 1600 2774 1643 et

565 1658 739 1708 vicet.
762 1659 889 1706 Exc.
915 1659 1103 1708 PetaV.
1126 1666 1296 1722 quart.
1318 1660 1491 1708 lumine
1516 1660 1631 1708 Ald.
1665 1662 1847 1710 lumina
1871 1661 1950 1706 vel
1973 1659 2138 1707 limina
2159 1659 2287 1721 Reg.
2309 1664 2367 1706 et
2395 1659 2554 1706 chart.
2591 1655 2773 1706 Heius.

564 1727 667 1771 —9
698 1723 944 1772 Adventus
965 1723 1079 1772 Pal.
1104 1722 1206 1772 duo
1237 1725 1379 1772 Med.
1404 1723 1587 1773 Heius.
1621 1725 1690 1774 H.
1713 1725 1799 1788 qui
1823 1739 1961 1788 seqq.
2001 1723 2083 1770 hic
2127 1728 2432 1770 notaverat:
2467 1725 2482 1748 ‘
2504 1722 2777 1771 Adventum

564 1789 745 1837 testato
772 1786 892 1848 Dei]
924 1787 1150 1850 loquitur
1188 1786 1251 1835 de
1280 1788 1487 1837 Cerere.
1521 1802 1681 1852 quare
1711 1789 1825 1838 Deoe
1861 1786 2156 1849 legendum.
2188 1799 2254 1834 an
2277 1785 2410 1834 Deus
2437 1784 2596 1834 Ceres
2629 1784 2775 1834 dicta

566 1849 623 1899 in
644 1850 803 1900 sacris
825 1851 1113 1910 Eleusiniis,
1136 1852 1388 1914 quomodo
1410 1851 1500 1910 τὴν
1521 1852 1641 1901 Θεὸν
1663 1851 1882 1901 Athenis
1907 1851 2193 1899 Minervam
2216 1849 2507 1898 vocabant?
2537 1848 2775 1898 similiter

566 1908 687 1964 Lib.
713 1915 779 1962 de
802 1929 875 1964 lv.
900 1916 1053 1964 Cous.
1091 1915 1286 1964 Honor.
1323 1920 1437 1966 574.
1485 1917 1768 1966 ‘Testatus
1806 1915 1992 1965 sudore
2021 1912 2226 1963 Deum!
2269 1914 2341 1961 sic
2381 1919 2684 1963 constanter
2717 1913 2777 1961 li·

566 1975 649 2026 bri
672 1978 872 2041 scripti,
890 1994 1001 2026 cum
1027 1977 1093 2027 de
1116 1979 1259 2028 Iside
1282 1979 1536 2043 loquutur.
1569 1981 1690 2029 vide
1711 1980 1931 2030 Casaub.
1958 1979 2022 2027 ad
2047 1978 2187 2027 Hist.
2214 1976 2346 2040 Aug.
2367 1992 2418 2040 ρ.
2443 1981 2557 2025 143.
2592 1976 2697 2026 vid.
2717 1983 2776 2025 et

568 2039 637 2090 de
658 2041 793 2090 luno
812 2043 920 2092 Dea
940 2043 1153 2091 Salmas.
1182 2058 1233 2105 p.
1255 2047 1367 2092 164.
1390 2048 1632 2094 280.370.
1669 2051 1724 2092 et
1744 2043 1962 2093 Cassub.
1986 2057 2037 2105 p.
2057 2045 2184 2090 1323
2235 2056 2344 2090 nam
2365 2056 2564 2102 magnus
2597 2040 2779 2093 Ambr-

568 2111 826 2158 ωτι-10
846 2106 1071 2170 strepitus
1083 2104 1206 2156 Vat.
1231 2121 1309 2170 pr.
1325 2106 1525 2156 Βοιιοιι.
1547 2109 1740 2157 Moret.
1760 2123 1839 2170 pr.
1865 2106 2040 2170 campis
2063 2106 2161 2156 inc.
2181 2105 2363 2156 Heius.
2383 2108 2612 2166 strepitus
2633 2105 2780 2154 terris

570 2169 695 2220 Jun.
727 2183 807 2231 pr.
838 2173 981 2217 terris
1000 2172 1225 2231 strepitus
1240 2171 1365 2220 Jun.
1392 2185 1495 2222 sec.
1521 2173 1636 2220 coelu
1791 2173 1913 2220 Vnt.
1941 2184 2048 2220 sec.
2079 2171 2326 2232 coelumque
2355 2171 2436 2217 vel
2467 2171 2780 2232 templumque

570 2232 720 2280 Voss.
730 2237 963 2281 sec.-—ll
994 2235 1298 2298 Cecropidum
1308 2235 1428 2284 Vat.
1446 2249 1522 2297 pr.
1536 2235 1666 2284 Cod.
1678 2234 1962 2283 Bartholin.
1977 2233 2062 2282 ed.
2077 2235 2250 2282 Vicet.
2269 2233 2508 2294 Ciclopum
2527 2233 2639 2282 Pal.
2653 2234 2779 2284 Put.

576 2295 851 2358 Cecropium
867 2297 966 2345 duo
976 2295 1123 2346 vatt.
1140 2297 1369 2347 Florent.
1383 2298 1485 2347 duo
1503 2296 1644 2346 Med.
1658 2299 1788 2359 Reg.
1805 2314 1871 2346 ιιι.
1891 2311 1970 2360 ρι’.
1985 2298 2177 2346 Moret.
2197 2311 2274 2359 pr.
2287 2297 2459 2346 Oxou.
2471 2312 2574 2346 sec.
2589 2297 2779 2351 Heius,

570 2358 642 2408 H.
667 2368 723 2408 et
746 2361 845 2408 inc.
866 2360 1030 2423 ejusd.
1056 2361 1156 2409 dno
1178 2362 1301 2412 Jun.
1328 2370 1435 2411 tres
1458 2363 1644 2411 Petuvi.
1671 2363 1800 2410 Exc.
1824 2363 2006 2410 Petav.
2041 2368 2212 2424 quart.
2238 2361 2543 2423 Cecropidum
2565 2361 2647 2410 vel
2687 2363 2782 2410 Ce-

569 2423 779 2484 cropium
802 2424 925 2472 Vat.
948 2439 1050 2475 see.
1072 2426 1262 2474 extollit
1283 2440 1460 2475 omnes
1484 2428 1630 2474 Vatt.
1662 2427 1772 2475 Pal.
1816 2426 1946 2488 Reg.
1982 2426 2166 2475 Petav.
2203 2439 2283 2486 pr.
2321 2425 2450 2472 Cod.
2485 2425 2780 2474 Bartholin.

570 2487 749 2536 attollit
772 2488 1005 2538 Floreat.
1026 2489 1149 2540 Jun.
1188 2504 1269 2552 pr.
1302 2489 1425 2540 Put.
1448 2491 1567 2542 Nic.
1585 2490 1771 2540 Heius.
1807 2490 1966 2539 Gesn.
2003 2496 2058 2537 et
2093 2488 2176 2538 ed.
2211 2489 2426 2551 Bipont.
2449 2489 2522 2537 sic
2545 2488 2778 2552 Epithal.

570 2550 771 2602 Pallad.
796 2567 867 2602 vs.
891 2557 971 2602 ³3.
1002 2553 1017 2580 ‘
1038 2567 1136 2602 nee
1157 2554 1349 2615 primas
1374 2551 1453 2602 fas
1477 2561 1559 2604 est
1582 2553 1822 2603 attollere
1847 2551 2049 2602 taedas.⁹
2085 2559 2139 2600 et
2171 2553 2186 2580 ‘
2205 2553 2446 2601 attollere
2470 2551 2634 2614 signa'
2655 2567 2694 2602 1.
2724 2553 2780 2602 in

1762 2634 1813 2681 p.
1855 2621 1935 2666 26.
1993 2617 2187 2664 Eleusin
2217 2617 2342 2666 Vnt.
2382 2623 2504 2666 tert.
2538 2617 2649 2666 Pal.
2673 2617 2780 2666 duo

571 2677 718 2729 Med.
742 2679 928 2729 Heius.
952 2681 1024 2728 H.
1048 2683 1233 2730 Eleusis
1258 2689 1479 2745 quatuor
1510 2683 1655 2732 Vstt.
1689 2682 1816 2732 Cod.
1857 2680 2088 2729 Barthol.
2125 2680 2307 2730 Heius.
2329 2687 2607 2730 notaverat
2625 2695 2778 2746 seqq.

570 2743 587 2770 ‘
616 2742 839 2804 Eleusin]
863 2744 929 2790 ab
956 2745 1169 2806 Eleusis,
1191 2745 1460 2795 Eleusinis.
1482 2745 1600 2794 vid.
1621 2746 1834 2794 Salmas.
1863 2744 1928 2794 ud
1969 2744 2110 2794 Hist.
2133 2743 2270 2806 Aug.
2291 2760 2340 2807 p.
2365 2749 2448 2806 32,
2471 2749 2555 2806 33,
2571 2749 2653 2794 ³4.
2685 2745 2780 2796 ubi

572 2805 738 2854 multa
758 2805 824 2854 de
845 2807 1005 2855 sacris
1028 2808 1298 2856 Eleusinis.
1319 2823 1371 2870 p.
1386 2814 1467 2857 65.
1493 2814 1575 2858 56.
1599 2813 1680 2857 98.
1702 2814 1815 2859 202.
1840 2808 2056 2858 Casaub.
2081 2823 2129 2870 ρ.
2154 2808 2385 2858 vex—12
2417 2809 2628 2858 stridunt
2651 2809 2782 2860 Put.

572 2868 767 2918 Petsv.
797 2883 877 2930 pr.
902 2875 956 2917 st
994 2884 1057 2918 ue
1090 2870 1167 2919 its
1197 2870 1382 2921 Heius.
1414 2871 1497 2935 qni
1534 2872 1779 2935 ascripsit
1821 2872 2002 2921 Avien.
2070 2907 2083 2922 .
2117 2876 2196 2921 8⁵.
2231 2870 2314 2920 ed.
2353 2873 2507 2922 Grot.
2542 2878 2599 2921 et
2615 2887 2670 2936 ρ.
2693 2877 2782 2926 99.

576 2931 713 2981 Stet.
736 2944 836 2981 vu.
858 2933 968 2982 The
1007 2968 1020 2983 .
1057 2937 1172 2982 770.
1213 2943 1267 2983 et
1304 2935 1543 2986 Juvenal.
1580 2937 1688 2986 Sat.
1712 2949 1764 2985 x.
1801 2940 1884 2984 61.
1921 2951 1986 2984 ex
2023 2887 2152 2984 lens.
2185 2935 2390 2986 strident
2416 2937 2648 2986 Florent.
2675 2936 2780 2986 duo

574 2993 720 3045 Med.
744 2997 870 3058 Reg.
895 2997 1067 3046 Oxou.
1092 3012 1172 3060 pr.
1195 2998 1381 3048 Petav.
1405 3014 1510 3049 sec.
1536 2999 1733 3051 Bonon.
1765 3000 1972 3048 Tholos.
2012 2998 2194 3048 Ambr.
2230 3007 2352 3049 tert.
2391 2999 2577 3050 Heius.
2611 2999 2685 3050 Η.
2721 3006 2781 3050 et

576 3059 679 3110 inc.
701 3059 867 3124 ejusd.
890 3066 946 3112 et
965 3064 1099 3113 alter
1114 3063 1395 3114 membran.
1431 3064 1622 3114 Μαι-ει.
1646 3079 1723 3129 ρι’.
1760 3064 1884 3116 Jun.
1930 3077 2031 3114 sec.
2047 3061 2172 3113 Ald.
2207 3063 2292 3114 ed.
2329 3064 2505 3115 Parm.
2527 3072 2584 3114 et
2603 3064 2778 3115 Vicet-

1564 3193 1785 3246 No'rAE
2269 3243 2277 3250 ,

641 3289 675 3334 9
705 3285 973 3336 Adventum
991 3291 1167 3338 testata
1186 3290 1301 3353 Dei,
1321 3290 1429 3354 ese]
1460 3291 1634 3341 Terrae
1716 3289 1982 3355 quaesiisse
2025 3290 2078 3340 iu
2115 3291 2292 3341 Sicilia
2323 3291 2534 3350 dicitur,
2576 3289 2784 3342 idcireo

574 2614 747 2665 Rufin.
769 2619 848 2667 86.
884 2617 984 2665 vid.
1017 2619 1274 2667 Wonwer.
1310 2624 1417 2667 not.
1452 2618 1505 2668 in
1537 2619 1738 2668 Minue.

576 3361 952 3424 templorumve
968 3369 1156 3427 motus,
1176 3379 1423 3427 murmur,
1440 3366 1636 3429 lumen,

577 3435 740 3501 faces,
760 3436 900 3500 signa
918 3444 1067 3489 erant
1090 3441 1320 3490 Deorum
1349 3439 1637 3491 adventan-

576 3511 726 3563 tium.

644 3592 705 3637 11
744 3587 1037 3653 Cecropium,
1049 3595 1321 3654 sanctasque
1330 3589 1467 3651 faces
1485 3591 1636 3642 extol*

577 3663 637 3713 tit
653 3661 873 3736 Eleusin]
892 3663 997 3715 Alii
1012 3665 1192 3730 legunt
1206 3667 1529 3732 Cecropidum,
1544 3670 1577 3718 i.
1590 3683 1638 3719 e.

575 3735 988 3803 Atheniensium,
1026 3741 1113 3806 qui
1151 3755 1182 3790 a
1218 3743 1363 3805 Rege
1403 3742 1637 3808 Cecrope

580 3813 853 3877 Cecropidae
886 3814 1014 3865 dieti
1057 3824 1211 3867 sunt:
1259 3819 1441 3868 horum
1477 3833 1638 3882 parva

576 3891 701 3940 urbs
722 3891 925 3941 Eleusis
946 3893 999 3941 in
1024 3892 1415 3960 Attica,·eaque
1436 3894 1638 3947 famosa

575 3963 802 4028 Cereris,
818 3966 936 4016 hinc
955 3967 1109 4017 dictae
1124 3969 1379 4034 Eleusinae,
1390 3971 1563 4034 sacris,
1581 3973 1634 4020 in

578 4039 764 4102 quibus
786 4038 927 4090 faces
951 4042 1182 4092 adhiberi
1206 4045 1389 4095 solitae.
1426 4045 1636 4095 Etenim

581 4128 649 4162 ex
670 4116 962 4181 Lactantio,
989 4119 1108 4184 quia
1140 4118 1338 4171 facibus
1360 4136 1427 4170 ex
1463 4121 1634 4171 AEtnoe

579 4190 779 4242 vertice
814 4195 1048 4243 accensis
1082 4194 1448 4260 Proserpinam
1480 4197 1642 4248 Ceres

1717 3379 1866 3416 sacra
1887 3367 2001 3430 ejus
2022 3367 2311 3417 ardentium
2335 3367 2586 3417 taednrum
2606 3367 2782 3431 jacte-

1715 3440 1860 3490 tione
1895 3441 2244 3491 celebrentur.
2325 3441 2477 3490 Unde
2523 3448 2582 3490 et
2616 3441 2778 3492 Ceres

1718 3531 1836 3567 cum
1859 3531 2074 3568 accensa
2097 3516 2213 3568 face
2232 3519 2562 3582 pingebatur.

1783 3593 1846 3642 12
1890 3593 2086 3656 Angues
2125 3595 2425 3658 Triptolemi]
2471 3595 2778 3658 Triptolemi

1716 3669 1876 3733 origo,
1908 3661 2120 3720 ut'sunt
2157 3681 2237 3719 res
2273 3669 2462 3720 fabulis
2509 3671 2782 3736 involutae,

1715 3746 1840 3796 sutis
1861 3745 2016 3795 dubia
2049 3752 2147 3796 est.
2195 3747 2444 3812 Plerique
2473 3761 2590 3796 eum
2629 3748 2782 3797 Celei

1716 3820 1878 3884 Regis
1916 3821 2147 3870 Eleusini
2193 3821 2358 3871 filium
2395 3823 2554 3872 fuisse
2613 3821 2783 3885 siunt,

1716 3897 2084 3963 Cereremque,
2121 3913 2237 3948 cum
2273 3905 2476 3962 reptem
2509 3899 2782 3962 Proserpi·

1715 3981 1831 4022 nam
1855 3980 2130 4037 quaereret,
2161 3981 2218 4022 et
2252 3989 2282 4022 a
2313 3975 2472 4024 Celeo
2505 3975 2778 4036 benignius

1715 4054 1935 4110 accepta
1956 4046 2158 4112 fuisset,
2198 4063 2313 4096 eum
2349 4049 2466 4099 ideo
2505 4063 2600 4113 per
2635 4048 2780 4098 diens

1717 4120 1892 4170 divino
1915 4123 2050 4171 lacte
2081 4122 2289 4186 aluisse,
2311 4139 2410 4188 per
2427 4133 2634 4174 noctem
2655 4125 2780 4188 igne

1719 4197 1914 4250 texisse
1951 4213 2014 4249 ac
2055 4197 2276 4250 fovisse:
2322 4207 2383 4250 nt
2419 4201 2534 4266 ipse
2569 4200 2784 4266 Tripteoe
