3184 4984
1270 380 1462 431 mus
1487 380 1867 451 suanum.

447 524 650 605 Quod
683 524 852 591 dura
877 524 1182 608 sublege
1211 544 1456 608 procos
1485 528 1739 588 certare
1756 524 2094 608 juberent,
2193 552 2199 559 ·

448 628 764 693 Emturos
793 629 1154 693 thalamum
1181 628 1363 693 dubii
1393 627 1775 693 discrimine
1799 627 1951 707 leti3

447 728 541 793 Et
567 751 694 795 sua
715 732 1020 795 crudeles
1051 730 1406 812 gauderent
1431 730 1713 811 pignora
1740 729 1977 793 mortis

447 830 834 897 Ambitione
861 833 1023 916 peti.
1115 831 1323 897 Curru
1353 832 1584 895 Pisaea
1612 830 1863 893 marino

395 960 400 964 ·
443 934 648 1016 Fugit
675 937 808 1001 tela
839 937 1136 1018 Pelops:
1183 954 1332 997 narn
1361 932 1655 1017 perfidus
1687 931 1913 1015 objice
1940 931 2117 1019 regis

437 1030 752 1103 Prodidit
781 1039 1099 1103 OEnomai
1130 1036 1480 1120 deceptum
1508 1036 1825 1117 Myrtilus
1854 1052 2081 1098 axem.

445 1133 1234 1221 Hippomenestrepidus
1261 1158 1456 1202 cursu
1481 1136 1790 1225 ferroque
1820 1142 2123 1200 secutam

443 1234 698 1301 Aurato
726 1240 1070 1303 volucrem
1095 1239 1284 1303 flexit
1312 1237 1714 1303 Schoeneida
1744 1256 1971 1320 pomo.

2516 724 2647 791 165

2510 1238 2643 1302 170

427 1412 599 1471 femnt
621 1413 777 1474 Reges
798 1417 992 1475 veteres,
1025 1414 1147 1475 quod
1179 1413 1463 1476 imperarent
1482 1428 1646 1477 procos
1668 1412 1891 1461 dimicare
1910 1412 1994 1461 sub
2016 1408 2359 1461 conditionibus
2380 1410 2559 1460 acerbis
2580 1414 2642 1460 od

444 1479 641 1526 emenda
661 1478 893 1538 conjugia,
907 1479 1114 1539 periculo
1138 1479 1308 1525 mortis
1325 1479 1564 1539 ancipitis,
1587 1483 1634 1526 et
1655 1477 1863 1526 immites
1902 1478 2181 1524 loetarentur
2197 1476 2337 1541 filius
2366 1492 2475 1539 suas
2516 1478 2645 1539 posci

443 1541 555 1603 ipsa
575 1544 785 1590 vanitate
800 1543 966 1589 mortis
985 1542 1314 1604 oppetendae.
1382 1544 1550 1605 Pelops
1569 1544 1766 1591 evitavit
1804 1556 1945 1589 curru
1982 1540 2217 1601 conjugali
2236 1556 2368 1589 arma
2401 1540 2646 1589 OEnomai

444 1603 616 1663 Pisoei,
637 1606 810 1653 etenim
835 1606 1064 1668 Myrtilus
1085 1606 1258 1669 infidus
1279 1607 1454 1669 aiii-iga
1489 1608 1691 1654 tradidit
1730 1608 1955 1668 repagulo
1976 1603 2151 1667 fragili
2174 1620 2311 1653 axem
2345 1607 2521 1653 elusum
2544 1606 2644 1653 Re-

439 1669 520 1730 gis
539 1670 778 1719 OEuomai.
811 1670 1128 1733 Hippomenes
1138 1670 1324 1733 timens,
1340 1672 1633 1734 expugnavit
1648 1685 1785 1734 pomo
1805 1685 1947 1719 aureo
1960 1669 2241 1719 Atalantam
2258 1668 2468 1719 Schoeriei
2482 1668 2645 1719 filiam

1364 1816 1393 1835 O
1399 1815 1722 1836 eoeaeeeeoaeaee

435 1914 547 1967 tres
568 1908 714 1960 vatt.
752 1911 868 1961 Pal.
895 1912 1055 1961 Oisei.
1101 1910 1206 1960 dira
1227 1912 1350 1960 Put.
1372 1912 1571 1960 Thuan.
1596 1912 1698 1960 duo
1728 1912 1915 1961 Petav.
1940 1911 2043 1961 duo
2069 1910 2248 1960 Ambr.
2272 1911 2475 1962 Buslid.
2510 1910 2641 1961 eod.

435 1972 624 2037 ,Epigru
663 1974 840 2024 Ambr.
881 1976 1006 2025 Exc.
1047 1976 1168 2025 Par.
1193 1991 1297 2025 rec.
1321 1977 1445 2023 Var.
1474 1975 1578 2023 LL.
1604 1976 1687 2025 ed.
1710 1976 1867 2025 Antv.
1890 1976 2016 2023 item
2041 1976 2203 2025 Gesu.
2245 1983 2297 2023 et
2318 1976 2401 2024 ed.
2433 1976 2642 2037 Bipont.

435 2039 2346 2169 32255350‹33:3533125335132?‘ztsszssm‘iffl1313212'25‘2'3‘32Pejrdsssssxss·
2365 2038 2645 2165 3300ῗῶἳί

440 2166 566 2216 tione
590 2166 767 2216 Ambr.
793 2175 909 2217 tert.
959 2170 1084 2231 petit
1104 2170 1229 2217 Var-
1253 2168 1357 2216 LL.
1383 2168 1464 2215 ed.
1491 2166 1651 2218 Antv.
1702 2184 1839 2217 cursu
1861 2169 1976 2217 Pal.
2016 2168 2117 2217 duo
2157 2168 2304 2217 Med.
2342 2168 2523 2216 Ambr.
2558 2183 2639 2231 pr.

437 2232 613 2280 marito
632 2232 753 2280 Put.
809 2234 990 2281 marino
1016 2242 1118 2281 tres
1142 2234 1288 2281 Vatt.
1316 2233 1425 2281 Pal.
1449 2232 1614 2280 Rott.
1638 2232 1803 2282 Oisel.
1850 2234 2067 2294 maligno,
2094 2233 2457 2281 anlid.-—167
2495 2231 2643 2281 Fudit

441 2294 621 2345 Ambr.
645 2312 723 2359 pr.
753 2300 915 2359 praeda
937 2312 1030 2359 pro
1051 2299 1146 2345 tela
1163 2296 1362 2345 Thuan.
1397 2297 1526 2345 Exc.
1563 2296 1784 2345 Lucens.
1813 2312 1888 2357 pr.
1914 2305 1967 2345 et
1987 2298 2108 2346 Pat.
2136 2312 2240 2345 rec.
2276 2313 2341 2347 rn.
2365 2312 2466 2345 sec.
2494 2298 2643 2359 preda

441 2359 567 2407 Vat.
593 2375 672 2423 pr.
719 2362 824 2420 jam
845 2362 1048 2409 Buslid.
1072 2362 1200 2408 Cod.
1227 2361 1402 2423 Epigr.
1429 2360 1607 2408 Ambr.
1635 2362 1860 2422 pernitiae
1879 2360 2000 2409 vat.
2027 2370 2147 2409 tert.
2181 2362 2389 2427 perfidus
2411 2362 2457 2408 V
2461 2367 2532 2409 at.
2566 2374 2643 2423 pr.

441 2418 584 2471 Med.
609 2439 714 2473 sec.
737 2426 834 2473 inc.
864 2425 1039 2473 Helns.
1073 2425 1254 2471 Petav.
1282 2439 1360 2486 pr.
1387 2425 1587 2472 Bonon.
1637 2426 1823 2472 Moret.
1852 2440 1929 2486 pr.
1973 2426 2145 2475 Oxou.
2170 2442 2274 2473 sec.
2310 2427 2427 2472 Vat.
2473 2424 2641 2475 Livin.

441 2486 617 2537 Parni.
644 2490 769 2538 Exc.
794 2490 916 2537 Pac.
940 2503 1046 2536 ree.
1068 2488 1288 2549 fervidus
1310 2496 1410 2536 vet.
1431 2488 1561 2550 Gyr.
1587 2502 1703 2535 cum
1728 2489 1973 2537 tredecim
1986 2490 2121 2548 aliis,
2144 2490 2327 2537 Sched.
2348 2488 2488 2539 Gnd.
2512 2490 2642 2537 Exc-

441 2553 662 2600 Lucens.
688 2568 768 2615 pr.
786 2550 908 2601 Var.
933 2554 1037 2603 LL.
1055 2553 1137 2600 ed.
1164 2552 1322 2601 Antv.
1375 2553 1494 2611 legis
1516 2552 1743 2601 Florent.
1762 2553 1906 2602 Med.
1930 2568 2032 2601 sec.
2074 2568 2207 2612 reges
2230 2553 2343 2601 Pal.
2368 2554 2470 2599 duo
2492 2554 2639 2602 Med.

440 2617 578 2677 regni
603 2618 730 2665 Exc.
754 2618 1163 2667 Pat.·r·ec.—-168
1203 2616 1374 2663 Prodit
1397 2615 1511 2665 Pal.
1552 2616 1698 2675 Med.
1726 2625 1895 2678 quart.
1948 2619 2163 2679 deceptus
2206 2624 2315 2664 tres
2338 2618 2485 2665 Vatt.
2526 2616 2643 2666 Pal.

431 2679 589 2730 Rott.
611 2682 773 2729 Oisei.
839 2681 1122 2743 discerptum
1161 2681 1240 2729 vei
1261 2683 1478 2742 deceptor
1517 2681 1834 2744 conjiciebat
1858 2680 2043 2729 Heins.
2101 2682 2341 2744 Myr-tulus
2374 2682 2493 2728 Vat.
2516 2685 2643 2731 tert.

439 2743 557 2791 Pal.
595 2746 837 2809 Myr-tolus
851 2746 970 2794 Vat.
994 2760 1095 2794 sec.
1119 2744 1218 2793 ine.
1255 2744 1436 2794 Heius.
1459 2745 1583 2794 Put.
1622 2746 1812 2792 rhuam
1832 2745 1931 2793 duo
1956 2744 2138 2793 Petav.
2165 2745 2247 2794 ed.
2270 2746 2444 2794 Par-m.
2498 2744 2639 2808 Myr·

437 2809 594 2856 tholus
631 2810 827 2858 Busiid.
851 2811 972 2858 Var.
1000 2811 1100 2858 LL.
1125 2810 1204 2858 ed.
1230 2807 1552 2857 Antra—169
1592 2810 1849 2871 Ypomedee
1888 2809 2085 2858 Busiid.
2136 2810 2459 2873 Hippomanus
2495 2806 2641 2859 Med.

431 2876 521 2935 'pn
562 2873 894 2937 Hippomenem
912 2874 1056 2924 Med.
1082 2879 1250 2937 quart.
1308 2874 1601 2935 Hipomanes
1620 2874 1795 2921 Parm.
1842 2888 1985 2922 curru
2004 2874 2190 2922 Petav.
2214 2890 2292 2937 pr.
2324 2874 2427 2921 inc.
2452 2872 2637 2923 Heius.

431 2940 602 2988 2—170
629 2944 773 3001 ponto
794 2954 886 3004 pro
907 2954 1041 3003 pomo
1059 2940 1183 2987 Vat.
1204 2942 1474 2987 sem—172
1507 2938 1681 2987 laboris
1700 2939 1823 2987 Vat.
1846 2944 1971 2988 tert.
2004 2938 2155 2987 labori
2178 2939 2345 2988 Oisel.
2370 2938 2471 2987 duo
2490 2938 2637 2987 Med.

1433 3076 1646 3126 NOTAE

1577 3171 1632 3219 in
1665 3171 1997 3245 curriculum,
2038 3169 2131 3221 sed
2176 3171 2408 3232 corrupit
2450 3171 2637 3234 Myrti-

1577 3249 1681 3297 lum
1706 3249 1933 3309 aurigam
1972 3249 2225 3310 OEnomai‚
2270 3249 2359 3312 qui
2397 3246 2639 3311 fragilem

505 3174 602 3219 166
633 3170 926 3234 Ambitione]
981 3171 1066 3220 lta
1109 3172 1252 3234 proci
1297 3172 1496 3234 puellas

440 3248 759 3305 ambiebant,
803 3256 858 3295 ut
895 3248 1050 3296 morti
1073 3263 1184 3295 sese
1210 3262 1304 3309 per
1339 3247 1496 3296 ambi-

441 3326 634 3374 tionem
647 3334 698 3373 et
721 3326 1002 3373 vanitatem
1019 3330 1356 3387 exponerent.
1389 3322 1494 3373 Alii

437 3400 622 3474 legunt
643 3400 808 3448 mortis
824 3400 1103 3456 conditione,
1120 3406 1176 3447 et
1201 3400 1345 3467 bene.
1379 3400 1494 3447 Vir·

440 3477 608 3539 gilius:
642 3482 654 3503 ⁶
683 3478 788 3525 Cur
813 3484 990 3525 mortis
1008 3475 1214 3525 ademta
1253 3482 1332 3525 est
1367 3475 1495 3524 Con-

441 3551 572 3601 ditio
586 3552 620 3599 ?’

407 3648 418 3681 ·,
504 3630 688 3692 Pisoeu]
719 3630 1020 3689 OEnomaus,
1043 3628 1178 3676 Pisis
1202 3642 1422 3697 regnans
1441 3628 1492 3677 in

435 3705 608 3764 Elide,
641 3704 864 3752 habebat
903 3703 1062 3753 filiam
1102 3704 1495 3765 pulcherrimam

441 3780 864 3843 Hippodamiam3
908 3780 998 3827 sed
1024 3788 1135 3829 erat
1163 3782 1212 3827 in
1237 3777 1356 3827 fau-
1381 3794 1494 3827 eam

435 3870 536 3904 non
561 3857 654 3903 nisi
677 3871 792 3903 eum
819 3866 984 3925 morte
1009 3858 1180 3905 Patris
1199 3864 1494 3919 nupturam.

437 3933 575 3995 Ergo
599 3933 710 3981 OEn·
733 3948 873 3981 mans
901 3934 1069 3993 procis
1108 3934 1286 3981 curule
1329 3941 1494 3981 certa-

411 4020 553 4055 ·men
578 4024 648 4056 se«
669 4024 749 4055 um
779 4010 1042 4071 proponit,
1078 4010 1296 4085 agoge,
1333 4009 1492 4072 utqui

435 4084 748 4143 vinceretur,
783 4083 962 4145 unone,
997 4090 1082 4151 qui
1108 4088 1358 4147 vinceret,
1377 4101 1494 4135 con-

427 4158 578 4221 jugio
619 4160 734 4207 filiae
775 4164 1070 4212 donaretur.
1138 4162 1265 4211 Post
1307 4166 1494 4212 multos

437 4235 512 4284 sic
537 4234 750 4301 occisos,
785 4236 976 4303 Pelops
1011 4252 1186 4289 amans
1224 4238 1496 4289 descendit

1577 3340 1729 3373 axem
1774 3326 1921 3387 hujus
1965 3326 2142 3375 currui
2193 3325 2473 3387 imposuit:
2533 3338 2636 3388 quo

1575 3402 1745 3453 fracto
1768 3404 1889 3453 vicit
1910 3403 2121 3466 Pelops,
2141 3404 2299 3467 periit
2323 3404 2635 3455 OEnomaus:

1577 3480 1781 3541 ast‚hoc
1804 3489 2051 3543 precante
2068 3488 2121 3529 et
2138 3480 2388 3529 ultionem
2408 3484 2639 3540 petente,

1575 3556 1821 3619 Myrtilus
1845 3556 1899 3604 in
1940 3571 2079 3605 mare
2100 3557 2363 3619 Myrtoum
2403 3566 2639 3617 praeceps

1577 3638 1725 3687 actus
1758 3639 1858 3691 est,
1879 3632 2091 3681 demens
2116 3640 2169 3681 et
2186 3647 2283 3691 spe
2306 3636 2496 3691 elusus,
2516 3646 2637 3679 nam

1579 3708 1726 3769 regni
1746 3716 1945 3767 partem
1962 3708 2225 3755 dimidiam
2250 3711 2569 3767 speraverat.

1680 3787 1771 3831 170
1838 3783 2137 3844 Schoeneida]
2228 3783 2475 3831 Atalanta
2530 3780 2637 3830 filia

1575 3859 1811 3907 Schmnei
1873 3860 2142 3921 proposuit
2189 3860 2345 3907 etiam
2394 3856 2641 3907 currendi

1576 3935 1922 3983 conditionem
1949 3952 1962 3993 ;
2000 3952 2060 3983 ea
2094 3936 2227 3993 leae,
2258 3946 2313 3981 ut
2352 3936 2439 3997 qni
2465 3936 2633 3983 victus

1577 4024 1737 4071 esser,
1764 4012 1869 4059 vita
1892 4013 2227 4073 spoliat-etum
2262 4012 2349 4074 qni
2376 4012 2559 4073 victor,
2582 4024 2639 4059 se

1577 4087 1790 4136 duc-eret
1818 4103 2040 4135 uxorem.
2084 4088 2435 4149 Hippomenes
2461 4100 2636 4137 amore

1575 4174 1761 4227 eaptus
1800 4164 2069 4212 descendit
2118 4166 2165 4209 in
2214 4170 2497 4223 certamen,
2540 4160 2635 4212 sed

1575 4241 1823 4305 projectis
1854 4254 1949 4305 per
1984 4238 2257 4290 intervalla
2276 4238 2440 4289 tribus
2472 4237 2637 4303 pomis
